record,contract,trade_date_iso,time,order_id,order_at,side_type,buy_sell,price,qty,page,day,mon,yy
1,HGH2,2011-12-01,06:39:41.502,9837028,00001IVH,SPOOF,B,3.56,41,2,1,Dec,11
2,HGH2,2011-12-01,06:39:41.503,9837029,00001IVI,SPOOF,B,3.56,4,2,1,Dec,11
3,HGH2,2011-12-01,06:39:41.506,9837030,00001IVJ,SPOOF,B,3.56,6,2,1,Dec,11
4,HGH2,2011-12-01,06:39:42.146,9837052,00001IVO,FLIP,S,3.56,4,2,1,Dec,11
5,HGH2,2011-12-01,06:57:07.554,9853413,00001NGA,SPOOF,S,3.56,48,2,1,Dec,11
6,HGH2,2011-12-01,06:57:07.554,9853414,00001NGB,SPOOF,S,3.56,4,2,1,Dec,11
7,HGH2,2011-12-01,06:57:07.560,9853416,00001NGC,SPOOF,S,3.56,4,2,1,Dec,11
8,HGH2,2011-12-01,06:57:07.717,9853424,00001NGD,SPOOF,S,3.56,39,2,1,Dec,11
9,HGH2,2011-12-01,06:57:07.718,9853425,00001NGE,SPOOF,S,3.56,4,2,1,Dec,11
10,HGH2,2011-12-01,06:57:07.720,9853426,00001NGF,SPOOF,S,3.56,3,2,1,Dec,11
11,HGH2,2011-12-01,06:57:08.122,9853463,00001NGR,FLIP,B,3.56,36,2,1,Dec,11
12,HGH2,2011-12-01,07:03:47.708,9863141,00001Q43,SPOOF,S,3.57,35,2,1,Dec,11
13,HGH2,2011-12-01,07:03:47.709,9863142,00001Q44,SPOOF,S,3.57,4,2,1,Dec,11
14,HGH2,2011-12-01,07:03:47.710,9863143,00001Q45,SPOOF,S,3.57,7,2,1,Dec,11
15,HGH2,2011-12-01,07:03:47.836,9863145,00001Q48,SPOOF,S,3.57,4,2,1,Dec,11
16,HGH2,2011-12-01,07:03:47.903,9863146,00001Q4C,SPOOF,S,3.57,47,2,1,Dec,11
17,HGH2,2011-12-01,07:03:47.905,9863147,00001Q4D,SPOOF,S,3.57,5,2,1,Dec,11
18,HGH2,2011-12-01,07:03:48.307,9863151,00001Q4T,FLIP,B,3.57,47,2,1,Dec,11
19,HGH2,2011-12-01,07:03:52.661,9863270,00001Q74,SPOOF,B,3.57,32,2,1,Dec,11
20,HGH2,2011-12-01,07:03:52.661,9863271,00001Q75,SPOOF,B,3.57,4,2,1,Dec,11
21,HGH2,2011-12-01,07:03:52.663,9863272,00001Q76,SPOOF,B,3.57,4,2,1,Dec,11
22,HGH2,2011-12-01,07:03:52.762,9863276,00001Q78,SPOOF,B,3.57,34,2,1,Dec,11
23,HGH2,2011-12-01,07:03:52.764,9863277,00001Q79,SPOOF,B,3.57,3,2,1,Dec,11
24,HGH2,2011-12-01,07:03:52.794,9863284,00001Q7B,SPOOF,B,3.57,4,2,1,Dec,11
25,HGH2,2011-12-01,07:03:52.861,9863290,00001Q7E,SPOOF,B,3.57,41,2,1,Dec,11
26,HGH2,2011-12-01,07:03:52.866,9863291,00001Q7F,SPOOF,B,3.57,7,2,1,Dec,11
27,HGH2,2011-12-01,07:03:52.868,9863292,00001Q7G,SPOOF,B,3.57,4,2,1,Dec,11
28,HGH2,2011-12-01,07:03:53.528,9863302,00001Q7T,FLIP,S,3.57,34,2,1,Dec,11
29,HGH2,2011-12-01,07:03:59.255,9863482,00001QB5,SPOOF,B,3.58,38,2,1,Dec,11
30,HGH2,2011-12-01,07:03:59.256,9863483,00001QB6,SPOOF,B,3.58,4,2,1,Dec,11
31,HGH2,2011-12-01,07:03:59.262,9863484,00001QB7,SPOOF,B,3.58,4,2,1,Dec,11
32,HGH2,2011-12-01,07:03:59.354,9863487,00001QB8,SPOOF,B,3.58,37,2,1,Dec,11
33,HGH2,2011-12-01,07:03:59.356,9863488,00001QB9,SPOOF,B,3.58,3,2,1,Dec,11
34,HGH2,2011-12-01,07:03:59.376,9863489,00001QBA,SPOOF,B,3.58,4,2,1,Dec,11
35,HGH2,2011-12-01,07:03:59.466,9863492,00001QBC,SPOOF,B,3.58,4,2,1,Dec,11
36,HGH2,2011-12-01,07:03:59.475,9863493,00001QBD,SPOOF,B,3.58,34,2,1,Dec,11
37,HGH2,2011-12-01,07:03:59.476,9863494,00001QBE,SPOOF,B,3.58,3,2,1,Dec,11
38,HGH2,2011-12-01,07:04:00.252,9863509,00001QBY,FLIP,S,3.58,45,2,1,Dec,11
39,HGH2,2011-12-01,07:04:00.252,9863510,00001QBZ,FLIP,S,3.58,4,2,1,Dec,11
40,HGH2,2011-12-01,07:40:41.221,9916349,0000235K,SPOOF,B,3.55,36,2,1,Dec,11
41,HGH2,2011-12-01,07:40:41.221,9916350,0000235L,SPOOF,B,3.55,4,2,1,Dec,11
42,HGH2,2011-12-01,07:40:41.223,9916351,0000235M,SPOOF,B,3.55,5,2,1,Dec,11
43,HGH2,2011-12-01,07:40:41.361,9916356,0000235N,SPOOF,B,3.55,4,2,1,Dec,11
44,HGH2,2011-12-01,07:40:41.363,9916357,0000235O,SPOOF,B,3.55,47,2,1,Dec,11
45,HGH2,2011-12-01,07:40:41.365,9916358,0000235P,SPOOF,B,3.55,3,2,1,Dec,11
46,HGH2,2011-12-01,07:40:41.752,9916368,00002364,FLIP,S,3.55,33,2,1,Dec,11
47,HGH2,2011-12-01,08:23:43.058,9971658,00002LO7,SPOOF,B,3.55,46,2,1,Dec,11
48,HGH2,2011-12-01,08:23:43.080,9971671,00002LO8,SPOOF,B,3.55,4,2,1,Dec,11
49,HGH2,2011-12-01,08:23:43.126,9971685,00002LOG,SPOOF,B,3.55,3,2,1,Dec,11
50,HGH2,2011-12-01,08:23:43.187,9971687,00002LOJ,SPOOF,B,3.55,4,2,1,Dec,11
51,HGH2,2011-12-01,08:23:43.207,9971689,00002LOL,SPOOF,B,3.55,33,2,1,Dec,11
52,HGH2,2011-12-01,08:23:43.218,9971695,00002LOM,SPOOF,B,3.55,5,2,1,Dec,11
53,HGH2,2011-12-01,08:23:43.322,9971699,00002LOO,SPOOF,B,3.55,4,2,1,Dec,11
54,HGH2,2011-12-01,08:23:43.997,9971725,00002LPC,FLIP,S,3.55,47,2,1,Dec,11
55,HGH2,2011-12-01,08:23:43.997,9971726,00002LPD,FLIP,S,3.55,4,2,1,Dec,11
56,HGH2,2011-12-01,08:23:59.522,9972721,00002LW9,SPOOF,S,3.55,39,2,1,Dec,11
57,HGH2,2011-12-01,08:23:59.522,9972722,00002LWA,SPOOF,S,3.55,4,2,1,Dec,11
58,HGH2,2011-12-01,08:23:59.523,9972723,00002LWB,SPOOF,S,3.55,7,2,1,Dec,11
59,HGH2,2011-12-01,08:23:59.653,9972730,00002LWC,SPOOF,S,3.55,37,2,1,Dec,11
60,HGH2,2011-12-01,08:23:59.653,9972731,00002LWD,SPOOF,S,3.55,4,2,1,Dec,11
61,HGH2,2011-12-01,08:23:59.655,9972732,00002LWE,SPOOF,S,3.55,3,3,1,Dec,11
62,HGH2,2011-12-01,08:23:59.758,9972737,00002LWG,SPOOF,S,3.55,31,3,1,Dec,11
63,HGH2,2011-12-01,08:23:59.758,9972738,00002LWH,SPOOF,S,3.55,4,3,1,Dec,11
64,HGH2,2011-12-01,08:23:59.760,9972739,00002LWI,SPOOF,S,3.55,5,3,1,Dec,11
65,HGH2,2011-12-01,08:23:59.867,9972743,00002LWK,SPOOF,S,3.55,4,3,1,Dec,11
66,HGH2,2011-12-01,08:23:59.881,9972745,00002LWL,SPOOF,S,3.55,5,3,1,Dec,11
67,HGH2,2011-12-01,08:24:00.334,9972781,00002LWX,FLIP,B,3.55,33,3,1,Dec,11
68,HGH2,2011-12-01,08:26:08.829,9976543,00002MVG,SPOOF,S,3.55,44,3,1,Dec,11
69,HGH2,2011-12-01,08:26:08.831,9976544,00002MVH,SPOOF,S,3.55,8,3,1,Dec,11
70,HGH2,2011-12-01,08:26:08.997,9976546,00002MVK,SPOOF,S,3.55,43,3,1,Dec,11
71,HGH2,2011-12-01,08:26:08.999,9976547,00002MVL,SPOOF,S,3.55,3,3,1,Dec,11
72,HGH2,2011-12-01,08:26:09.018,9976551,00002MVM,SPOOF,S,3.55,4,3,1,Dec,11
73,HGH2,2011-12-01,08:26:09.368,9976573,00002MVU,FLIP,B,3.55,35,3,1,Dec,11
74,HGH2,2011-12-01,08:26:48.186,9977445,00002N3C,SPOOF,B,3.55,4,3,1,Dec,11
75,HGH2,2011-12-01,08:26:48.186,9977446,00002N3D,SPOOF,B,3.55,32,3,1,Dec,11
76,HGH2,2011-12-01,08:26:48.193,9977448,00002N3E,SPOOF,B,3.55,5,3,1,Dec,11
77,HGH2,2011-12-01,08:26:48.806,9977461,00002N3J,FLIP,S,3.55,46,3,1,Dec,11
78,HGH2,2011-12-01,08:27:04.712,9977962,00002N8P,SPOOF,S,3.55,41,3,1,Dec,11
79,HGH2,2011-12-01,08:27:04.712,9977963,00002N8Q,SPOOF,S,3.55,4,3,1,Dec,11
80,HGH2,2011-12-01,08:27:04.714,9977964,00002N8R,SPOOF,S,3.55,3,3,1,Dec,11
81,HGH2,2011-12-01,08:27:04.829,9977970,00002N8S,SPOOF,S,3.55,34,3,1,Dec,11
82,HGH2,2011-12-01,08:27:04.830,9977971,00002N8T,SPOOF,S,3.55,4,3,1,Dec,11
83,HGH2,2011-12-01,08:27:04.832,9977972,00002N8U,SPOOF,S,3.55,4,3,1,Dec,11
84,HGH2,2011-12-01,08:27:04.930,9977977,00002N8W,SPOOF,S,3.55,43,3,1,Dec,11
85,HGH2,2011-12-01,08:27:05.378,9977983,00002N96,FLIP,B,3.55,36,3,1,Dec,11
86,HGH2,2011-12-02,06:03:29.003,1048290,000ZY2HI,SPOOF,S,3.60,37,3,2,Dec,11
87,HGH2,2011-12-02,06:03:29.025,1048294,000ZY2HJ,SPOOF,S,3.60,6,3,2,Dec,11
88,HGH2,2011-12-02,06:03:29.025,1048295,000ZY2HK,SPOOF,S,3.60,4,3,2,Dec,11
89,HGH2,2011-12-02,06:03:29.539,1048296,000ZY2HT,FLIP,B,3.60,44,3,2,Dec,11
90,HGH2,2011-12-02,06:03:44.208,1048778,000ZY2LJ,SPOOF,S,3.60,47,3,2,Dec,11
91,HGH2,2011-12-02,06:03:44.209,1048779,000ZY2LK,SPOOF,S,3.60,6,3,2,Dec,11
92,HGH2,2011-12-02,06:03:44.432,1048796,000ZY2LL,SPOOF,S,3.60,46,3,2,Dec,11
93,HGH2,2011-12-02,06:03:44.434,1048797,000ZY2LM,SPOOF,S,3.60,4,3,2,Dec,11
94,HGH2,2011-12-02,06:03:44.459,1048798,000ZY2LN,SPOOF,S,3.60,4,3,2,Dec,11
95,HGH2,2011-12-02,06:03:44.932,1048824,000ZY2LT,FLIP,B,3.60,46,3,2,Dec,11
96,HGH2,2011-12-02,06:04:52.908,1050364,000ZY2XQ,SPOOF,S,3.60,4,3,2,Dec,11
97,HGH2,2011-12-02,06:04:53.091,1050365,000ZY2XT,SPOOF,S,3.60,4,3,2,Dec,11
98,HGH2,2011-12-02,06:04:53.115,1050366,000ZY2XU,SPOOF,S,3.60,33,3,2,Dec,11
99,HGH2,2011-12-02,06:04:53.127,1050367,000ZY2XV,SPOOF,S,3.60,3,3,2,Dec,11
100,HGH2,2011-12-02,06:04:53.654,1050392,000ZY2Y1,FLIP,B,3.60,39,3,2,Dec,11
101,HGH2,2011-12-02,06:04:55.389,1050414,000ZY2YB,SPOOF,B,3.60,4,3,2,Dec,11
102,HGH2,2011-12-02,06:04:55.513,1050420,000ZY2YC,SPOOF,B,3.60,4,3,2,Dec,11
103,HGH2,2011-12-02,06:04:55.595,1050421,000ZY2YD,SPOOF,B,3.60,35,3,2,Dec,11
104,HGH2,2011-12-02,06:04:55.595,1050422,000ZY2YE,SPOOF,B,3.60,4,3,2,Dec,11
105,HGH2,2011-12-02,06:04:55.597,1050423,000ZY2YF,SPOOF,B,3.60,3,3,2,Dec,11
106,HGH2,2011-12-02,06:04:56.324,1050442,000ZY2YP,FLIP,S,3.60,44,3,2,Dec,11
107,HGH2,2011-12-02,06:06:00.508,1052182,000ZY3C7,SPOOF,B,3.60,37,3,2,Dec,11
108,HGH2,2011-12-02,06:06:00.514,1052183,000ZY3C8,SPOOF,B,3.60,6,3,2,Dec,11
109,HGH2,2011-12-02,06:06:00.516,1052184,000ZY3C9,SPOOF,B,3.60,4,3,2,Dec,11
110,HGH2,2011-12-02,06:06:01.145,1052192,000ZY3CI,FLIP,S,3.60,42,3,2,Dec,11
111,HGH2,2011-12-02,06:06:55.967,1053345,000ZY3ON,SPOOF,B,3.60,45,3,2,Dec,11
112,HGH2,2011-12-02,06:06:55.973,1053346,000ZY3OO,SPOOF,B,3.60,8,3,2,Dec,11
113,HGH2,2011-12-02,06:06:55.974,1053347,000ZY3OP,SPOOF,B,3.60,4,3,2,Dec,11
114,HGH2,2011-12-02,06:06:56.829,1053359,000ZY3OY,FLIP,S,3.60,47,3,2,Dec,11
115,HGH2,2011-12-02,06:09:35.986,1056626,000ZY518,SPOOF,S,3.59,43,3,2,Dec,11
116,HGH2,2011-12-02,06:09:35.994,1056628,000ZY519,SPOOF,S,3.59,8,3,2,Dec,11
117,HGH2,2011-12-02,06:09:35.994,1056629,000ZY51A,SPOOF,S,3.59,4,3,2,Dec,11
118,HGH2,2011-12-02,06:09:36.677,1056635,000ZY51G,FLIP,B,3.59,49,3,2,Dec,11
119,HGH2,2011-12-02,06:09:36.678,1056636,000ZY51H,FLIP,B,3.59,4,3,2,Dec,11
120,HGH2,2011-12-02,06:09:47.522,1056808,000ZY54G,SPOOF,S,3.59,46,3,2,Dec,11
121,HGH2,2011-12-02,06:09:47.530,1056813,000ZY54H,SPOOF,S,3.59,5,4,2,Dec,11
122,HGH2,2011-12-02,06:09:47.530,1056814,000ZY54I,SPOOF,S,3.59,4,4,2,Dec,11
123,HGH2,2011-12-02,06:09:48.186,1056834,000ZY54R,FLIP,B,3.59,47,4,2,Dec,11
124,HGH2,2011-12-02,06:09:53.255,1056954,000ZY56H,SPOOF,S,3.59,48,4,2,Dec,11
125,HGH2,2011-12-02,06:09:53.257,1056955,000ZY56I,SPOOF,S,3.59,4,4,2,Dec,11
126,HGH2,2011-12-02,06:09:53.383,1056969,000ZY56J,SPOOF,S,3.59,49,4,2,Dec,11
127,HGH2,2011-12-02,06:09:53.384,1056970,000ZY56K,SPOOF,S,3.59,4,4,2,Dec,11
128,HGH2,2011-12-02,06:09:53.391,1056971,000ZY56L,SPOOF,S,3.59,4,4,2,Dec,11
129,HGH2,2011-12-02,06:09:53.835,1056980,000ZY56S,FLIP,B,3.59,41,4,2,Dec,11
130,HGH2,2011-12-02,06:09:53.839,1056983,000ZY56T,FLIP,B,3.59,4,4,2,Dec,11
131,HGH2,2011-12-02,06:58:40.745,1110657,000ZYHFZ,SPOOF,S,3.61,36,4,2,Dec,11
132,HGH2,2011-12-02,06:58:40.748,1110658,000ZYHG0,SPOOF,S,3.61,7,4,2,Dec,11
133,HGH2,2011-12-02,06:58:40.871,1110671,000ZYHG1,SPOOF,S,3.61,43,4,2,Dec,11
134,HGH2,2011-12-02,06:58:40.872,1110672,000ZYHG2,SPOOF,S,3.61,4,4,2,Dec,11
135,HGH2,2011-12-02,06:58:40.873,1110673,000ZYHG3,SPOOF,S,3.61,7,4,2,Dec,11
136,HGH2,2011-12-02,06:58:40.965,1110675,000ZYHG4,SPOOF,S,3.61,36,4,2,Dec,11
137,HGH2,2011-12-02,06:58:41.353,1110678,000ZYHGF,FLIP,B,3.61,43,4,2,Dec,11
138,HGH2,2011-12-02,09:18:34.838,1464713,000001N4,SPOOF,S,3.58,38,4,2,Dec,11
139,HGH2,2011-12-02,09:18:34.859,1464723,000001N5,SPOOF,S,3.58,5,4,2,Dec,11
140,HGH2,2011-12-02,09:18:34.859,1464724,000001N6,SPOOF,S,3.58,4,4,2,Dec,11
141,HGH2,2011-12-02,09:18:35.661,1464760,000001NG,FLIP,B,3.58,4,4,2,Dec,11
142,HGH2,2011-12-02,09:18:53.323,1465422,000001UZ,SPOOF,B,3.58,42,4,2,Dec,11
143,HGH2,2011-12-02,09:18:53.325,1465423,000001V0,SPOOF,B,3.58,7,4,2,Dec,11
144,HGH2,2011-12-02,09:18:53.384,1465427,000001V1,SPOOF,B,3.58,4,4,2,Dec,11
145,HGH2,2011-12-02,09:18:53.933,1465446,000001V6,FLIP,S,3.58,45,4,2,Dec,11
146,HGH2,2011-12-02,09:18:53.934,1465447,000001V7,FLIP,S,3.58,4,4,2,Dec,11
147,HGH2,2011-12-02,09:32:18.230,1494007,0000097C,SPOOF,S,3.59,4,4,2,Dec,11
148,HGH2,2011-12-02,09:32:18.344,1494011,0000097D,SPOOF,S,3.59,4,4,2,Dec,11
149,HGH2,2011-12-02,09:32:18.344,1494012,0000097E,SPOOF,S,3.59,34,4,2,Dec,11
150,HGH2,2011-12-02,09:32:18.350,1494015,0000097F,SPOOF,S,3.59,3,4,2,Dec,11
151,HGH2,2011-12-02,09:32:19.221,1494048,0000097V,FLIP,B,3.59,42,4,2,Dec,11
152,HGH2,2011-12-02,09:32:20.691,1494117,00000984,SPOOF,S,3.59,44,4,2,Dec,11
153,HGH2,2011-12-02,09:32:20.699,1494120,00000985,SPOOF,S,3.59,4,4,2,Dec,11
154,HGH2,2011-12-02,09:32:20.727,1494128,00000986,SPOOF,S,3.59,4,4,2,Dec,11
155,HGH2,2011-12-02,09:32:20.805,1494133,00000987,SPOOF,S,3.59,38,4,2,Dec,11
156,HGH2,2011-12-02,09:32:20.805,1494134,00000988,SPOOF,S,3.59,4,4,2,Dec,11
157,HGH2,2011-12-02,09:32:20.808,1494135,00000989,SPOOF,S,3.59,5,4,2,Dec,11
158,HGH2,2011-12-02,09:32:20.918,1494138,0000098A,SPOOF,S,3.59,38,4,2,Dec,11
159,HGH2,2011-12-02,09:32:20.919,1494139,0000098B,SPOOF,S,3.59,4,4,2,Dec,11
160,HGH2,2011-12-02,09:32:21.324,1494159,0000098W,FLIP,B,3.59,35,4,2,Dec,11
161,HGH2,2011-12-05,06:27:40.571,2524212,00003E9M,SPOOF,B,3.58,35,4,5,Dec,11
162,HGH2,2011-12-05,06:27:40.573,2524213,00003E9N,SPOOF,B,3.58,4,4,5,Dec,11
163,HGH2,2011-12-05,06:27:40.579,2524214,00003E9O,SPOOF,B,3.58,4,4,5,Dec,11
164,HGH2,2011-12-05,06:27:41.227,2524236,00003E9W,FLIP,S,3.58,34,4,5,Dec,11
165,HGH2,2011-12-05,06:36:09.726,2530748,00003FLV,SPOOF,S,3.58,47,4,5,Dec,11
166,HGH2,2011-12-05,06:36:09.730,2530749,00003FLW,SPOOF,S,3.58,4,4,5,Dec,11
167,HGH2,2011-12-05,06:36:09.730,2530750,00003FLX,SPOOF,S,3.58,6,4,5,Dec,11
168,HGH2,2011-12-05,06:36:09.894,2530770,00003FLY,SPOOF,S,3.58,38,4,5,Dec,11
169,HGH2,2011-12-05,06:36:09.894,2530771,00003FLZ,SPOOF,S,3.58,4,4,5,Dec,11
170,HGH2,2011-12-05,06:36:09.899,2530772,00003FM0,SPOOF,S,3.58,5,4,5,Dec,11
171,HGH2,2011-12-05,06:36:10.521,2530787,00003FMA,FLIP,B,3.58,49,4,5,Dec,11
172,HGH2,2011-12-05,06:36:53.940,2531197,00003G25,SPOOF,S,3.58,4,4,5,Dec,11
173,HGH2,2011-12-05,06:36:54.055,2531198,00003G26,SPOOF,S,3.58,38,4,5,Dec,11
174,HGH2,2011-12-05,06:36:54.059,2531199,00003G27,SPOOF,S,3.58,2,4,5,Dec,11
175,HGH2,2011-12-05,06:36:54.126,2531200,00003G28,SPOOF,S,3.58,38,4,5,Dec,11
176,HGH2,2011-12-05,06:36:54.128,2531201,00003G29,SPOOF,S,3.58,4,4,5,Dec,11
177,HGH2,2011-12-05,06:36:54.165,2531203,00003G2A,SPOOF,S,3.58,4,4,5,Dec,11
178,HGH2,2011-12-05,06:36:54.245,2531204,00003G2B,SPOOF,S,3.58,37,4,5,Dec,11
179,HGH2,2011-12-05,06:36:54.251,2531206,00003G2C,SPOOF,S,3.58,6,4,5,Dec,11
180,HGH2,2011-12-05,06:36:54.252,2531207,00003G2D,SPOOF,S,3.58,4,4,5,Dec,11
181,HGH2,2011-12-05,06:36:54.858,2531215,00003G2U,FLIP,B,3.58,48,5,5,Dec,11
182,HGH2,2011-12-05,06:58:05.097,2559326,00003LNC,SPOOF,S,3.57,4,5,5,Dec,11
183,HGH2,2011-12-05,06:58:05.161,2559327,00003LNE,SPOOF,S,3.57,41,5,5,Dec,11
184,HGH2,2011-12-05,06:58:05.163,2559328,00003LNF,SPOOF,S,3.57,4,5,5,Dec,11
185,HGH2,2011-12-05,06:58:05.487,2559330,00003LNH,SPOOF,S,3.57,4,5,5,Dec,11
186,HGH2,2011-12-05,06:58:05.487,2559331,00003LNI,SPOOF,S,3.57,7,5,5,Dec,11
187,HGH2,2011-12-05,06:58:05.910,2559334,00003LNR,FLIP,B,3.57,36,5,5,Dec,11
188,HGH2,2011-12-05,06:59:05.218,2560411,00003LVW,SPOOF,B,3.58,4,5,5,Dec,11
189,HGH2,2011-12-05,06:59:05.218,2560412,00003LVX,SPOOF,B,3.58,34,5,5,Dec,11
190,HGH2,2011-12-05,06:59:05.220,2560413,00003LVY,SPOOF,B,3.58,5,5,5,Dec,11
191,HGH2,2011-12-05,06:59:06.196,2560424,00003LW4,FLIP,S,3.58,38,5,5,Dec,11
192,HGH2,2011-12-05,06:59:06.196,2560425,00003LW5,FLIP,S,3.58,4,5,5,Dec,11
193,HGH2,2011-12-05,06:59:06.200,2560428,00003LW6,FLIP,S,3.58,3,5,5,Dec,11
194,HGH2,2011-12-05,08:12:44.625,2714385,00004GOE,SPOOF,B,3.61,4,5,5,Dec,11
195,HGH2,2011-12-05,08:12:44.699,2714386,00004GOF,SPOOF,B,3.61,44,5,5,Dec,11
196,HGH2,2011-12-05,08:12:44.701,2714387,00004GOG,SPOOF,B,3.61,5,5,5,Dec,11
197,HGH2,2011-12-05,08:12:45.444,2714433,00004GOM,FLIP,S,3.61,37,5,5,Dec,11
198,HGH2,2011-12-05,08:12:45.448,2714437,00004GON,FLIP,S,3.61,5,5,5,Dec,11
199,HGH2,2011-12-05,08:13:52.010,2715539,00004H5L,SPOOF,S,3.61,37,5,5,Dec,11
200,HGH2,2011-12-05,08:13:52.016,2715542,00004H5M,SPOOF,S,3.61,3,5,5,Dec,11
201,HGH2,2011-12-05,08:13:52.136,2715545,00004H5N,SPOOF,S,3.61,47,5,5,Dec,11
202,HGH2,2011-12-05,08:13:52.136,2715546,00004H5O,SPOOF,S,3.61,4,5,5,Dec,11
203,HGH2,2011-12-05,08:13:52.144,2715550,00004H5P,SPOOF,S,3.61,6,5,5,Dec,11
204,HGH2,2011-12-05,08:13:52.228,2715551,00004H5Q,SPOOF,S,3.61,34,5,5,Dec,11
205,HGH2,2011-12-05,08:13:52.245,2715552,00004H5R,SPOOF,S,3.61,4,5,5,Dec,11
206,HGH2,2011-12-05,08:13:52.245,2715553,00004H5S,SPOOF,S,3.61,3,5,5,Dec,11
207,HGH2,2011-12-05,08:13:52.757,2715564,00004H62,FLIP,B,3.61,41,5,5,Dec,11
208,HGH2,2011-12-05,08:13:52.761,2715567,00004H63,FLIP,B,3.61,3,5,5,Dec,11
209,HGH2,2011-12-05,08:24:56.782,2731589,00004O4B,SPOOF,B,3.61,33,5,5,Dec,11
210,HGH2,2011-12-05,08:24:56.782,2731590,00004O4C,SPOOF,B,3.61,4,5,5,Dec,11
211,HGH2,2011-12-05,08:24:56.800,2731594,00004O4D,SPOOF,B,3.61,3,5,5,Dec,11
212,HGH2,2011-12-05,08:24:56.876,2731596,00004O4E,SPOOF,B,3.61,35,5,5,Dec,11
213,HGH2,2011-12-05,08:24:56.881,2731598,00004O4F,SPOOF,B,3.61,4,5,5,Dec,11
214,HGH2,2011-12-05,08:24:56.883,2731599,00004O4G,SPOOF,B,3.61,4,5,5,Dec,11
215,HGH2,2011-12-05,08:24:57.670,2731616,00004O4W,FLIP,S,3.61,45,5,5,Dec,11
216,HGH2,2011-12-05,08:24:57.674,2731618,00004O4X,FLIP,S,3.61,7,5,5,Dec,11
217,HGH2,2011-12-05,08:24:59.148,2731641,00004O5P,SPOOF,S,3.61,31,5,5,Dec,11
218,HGH2,2011-12-05,08:24:59.154,2731643,00004O5Q,SPOOF,S,3.61,5,5,5,Dec,11
219,HGH2,2011-12-05,08:24:59.154,2731646,00004O5R,SPOOF,S,3.61,4,5,5,Dec,11
220,HGH2,2011-12-05,08:24:59.742,2731655,00004O60,FLIP,B,3.61,39,5,5,Dec,11
221,HGH2,2011-12-05,08:24:59.744,2731656,00004O61,FLIP,B,3.61,7,5,5,Dec,11
222,HGH2,2011-12-05,08:35:21.527,2774258,00004UY4,SPOOF,B,3.62,43,5,5,Dec,11
223,HGH2,2011-12-05,08:35:21.528,2774259,00004UY5,SPOOF,B,3.62,4,5,5,Dec,11
224,HGH2,2011-12-05,08:35:21.530,2774260,00004UY6,SPOOF,B,3.62,3,5,5,Dec,11
225,HGH2,2011-12-05,08:35:21.654,2774266,00004UY9,SPOOF,B,3.62,4,5,5,Dec,11
226,HGH2,2011-12-05,08:35:21.654,2774267,00004UYA,SPOOF,B,3.62,46,5,5,Dec,11
227,HGH2,2011-12-05,08:35:21.665,2774268,00004UYB,SPOOF,B,3.62,5,5,5,Dec,11
228,HGH2,2011-12-05,08:35:21.765,2774277,00004UYD,SPOOF,B,3.62,43,5,5,Dec,11
229,HGH2,2011-12-05,08:35:21.770,2774280,00004UYE,SPOOF,B,3.62,6,5,5,Dec,11
230,HGH2,2011-12-05,08:35:21.772,2774281,00004UYF,SPOOF,B,3.62,4,5,5,Dec,11
231,HGH2,2011-12-05,08:35:22.232,2774320,00004UYS,FLIP,S,3.62,42,5,5,Dec,11
232,HGH2,2011-12-05,08:35:22.996,2774353,00004UZ6,SPOOF,S,3.62,4,5,5,Dec,11
233,HGH2,2011-12-05,08:35:23.116,2774360,00004UZA,SPOOF,S,3.62,4,5,5,Dec,11
234,HGH2,2011-12-05,08:35:23.118,2774361,00004UZB,SPOOF,S,3.62,40,5,5,Dec,11
235,HGH2,2011-12-05,08:35:23.125,2774363,00004UZC,SPOOF,S,3.62,6,5,5,Dec,11
236,HGH2,2011-12-05,08:35:23.212,2774364,00004UZD,SPOOF,S,3.62,35,5,5,Dec,11
237,HGH2,2011-12-05,08:35:23.214,2774365,00004UZE,SPOOF,S,3.62,6,5,5,Dec,11
238,HGH2,2011-12-05,08:35:23.220,2774370,00004UZG,SPOOF,S,3.62,4,5,5,Dec,11
239,HGH2,2011-12-05,08:35:23.346,2774377,00004UZH,SPOOF,S,3.62,31,5,5,Dec,11
240,HGH2,2011-12-05,08:35:23.347,2774378,00004UZI,SPOOF,S,3.62,4,5,5,Dec,11
241,HGH2,2011-12-05,08:35:23.349,2774379,00004UZJ,SPOOF,S,3.62,5,6,5,Dec,11
242,HGH2,2011-12-05,08:35:23.745,2774431,00004V00,FLIP,B,3.62,49,6,5,Dec,11
243,HGH2,2011-12-05,09:56:39.203,3002559,000069DQ,SPOOF,B,3.63,4,6,5,Dec,11
244,HGH2,2011-12-05,09:56:39.294,3002561,000069DR,SPOOF,B,3.63,4,6,5,Dec,11
245,HGH2,2011-12-05,09:56:39.405,3002564,000069DS,SPOOF,B,3.63,4,6,5,Dec,11
246,HGH2,2011-12-05,09:56:39.431,3002566,000069DT,SPOOF,B,3.63,46,6,5,Dec,11
247,HGH2,2011-12-05,09:56:39.447,3002573,000069DU,SPOOF,B,3.63,6,6,5,Dec,11
248,HGH2,2011-12-05,09:56:39.509,3002576,000069DV,SPOOF,B,3.63,35,6,5,Dec,11
249,HGH2,2011-12-05,09:56:39.511,3002577,000069DW,SPOOF,B,3.63,6,6,5,Dec,11
250,HGH2,2011-12-05,09:56:39.532,3002599,000069DX,SPOOF,B,3.63,4,6,5,Dec,11
251,HGH2,2011-12-05,09:56:39.633,3002608,000069DY,SPOOF,B,3.63,39,6,5,Dec,11
252,HGH2,2011-12-05,09:56:39.634,3002609,000069DZ,SPOOF,B,3.63,4,6,5,Dec,11
253,HGH2,2011-12-05,09:56:39.645,3002617,000069E0,SPOOF,B,3.63,6,6,5,Dec,11
254,HGH2,2011-12-05,09:56:40.111,3002685,000069ES,FLIP,S,3.63,40,6,5,Dec,11
255,HGH2,2011-12-05,09:56:43.309,3002761,000069G2,SPOOF,S,3.63,4,6,5,Dec,11
256,HGH2,2011-12-05,09:56:43.408,3002764,000069G3,SPOOF,S,3.63,4,6,5,Dec,11
257,HGH2,2011-12-05,09:56:43.525,3002765,000069G6,SPOOF,S,3.63,4,6,5,Dec,11
258,HGH2,2011-12-05,09:56:43.702,3002783,000069G8,SPOOF,S,3.63,47,6,5,Dec,11
259,HGH2,2011-12-05,09:56:43.722,3002788,000069G9,SPOOF,S,3.63,7,6,5,Dec,11
260,HGH2,2011-12-05,09:56:43.802,3002800,000069GD,SPOOF,S,3.63,38,6,5,Dec,11
261,HGH2,2011-12-05,09:56:43.827,3002801,000069GH,SPOOF,S,3.63,4,6,5,Dec,11
262,HGH2,2011-12-05,09:56:43.839,3002802,000069GI,SPOOF,S,3.63,7,6,5,Dec,11
263,HGH2,2011-12-05,09:56:44.192,3002827,000069H2,FLIP,B,3.63,38,6,5,Dec,11
264,HGH2,2011-12-05,09:56:59.333,3003306,000069MJ,SPOOF,B,3.63,4,6,5,Dec,11
265,HGH2,2011-12-05,09:56:59.494,3003343,000069MM,SPOOF,B,3.63,4,6,5,Dec,11
266,HGH2,2011-12-05,09:56:59.495,3003344,000069MN,SPOOF,B,3.63,48,6,5,Dec,11
267,HGH2,2011-12-05,09:56:59.502,3003347,000069MO,SPOOF,B,3.63,6,6,5,Dec,11
268,HGH2,2011-12-05,09:56:59.566,3003349,000069MP,SPOOF,B,3.63,43,6,5,Dec,11
269,HGH2,2011-12-05,09:56:59.567,3003350,000069MQ,SPOOF,B,3.63,4,6,5,Dec,11
270,HGH2,2011-12-05,09:57:00.283,3003381,000069NI,FLIP,S,3.63,41,6,5,Dec,11
271,HGH2,2011-12-05,10:12:45.918,3034986,00006GRG,SPOOF,B,3.62,4,6,5,Dec,11
272,HGH2,2011-12-05,10:12:45.942,3034997,00006GRH,SPOOF,B,3.62,42,6,5,Dec,11
273,HGH2,2011-12-05,10:12:45.968,3035002,00006GRJ,SPOOF,B,3.62,7,6,5,Dec,11
274,HGH2,2011-12-05,10:12:46.577,3035023,00006GS0,FLIP,S,3.62,34,6,5,Dec,11
275,HGH2,2011-12-05,10:12:52.662,3035297,00006GU9,SPOOF,B,3.62,47,6,5,Dec,11
276,HGH2,2011-12-05,10:12:52.664,3035298,00006GUA,SPOOF,B,3.62,6,6,5,Dec,11
277,HGH2,2011-12-05,10:12:52.686,3035301,00006GUB,SPOOF,B,3.62,4,6,5,Dec,11
278,HGH2,2011-12-05,10:12:52.821,3035309,00006GUC,SPOOF,B,3.62,47,6,5,Dec,11
279,HGH2,2011-12-05,10:12:52.821,3035310,00006GUD,SPOOF,B,3.62,4,6,5,Dec,11
280,HGH2,2011-12-05,10:12:52.824,3035311,00006GUE,SPOOF,B,3.62,6,6,5,Dec,11
281,HGH2,2011-12-05,10:12:53.287,3035319,00006GUL,FLIP,S,3.62,32,6,5,Dec,11
282,HGH2,2011-12-05,10:12:53.288,3035320,00006GUM,FLIP,S,3.62,4,6,5,Dec,11
283,HGH2,2011-12-05,10:19:47.745,3048109,00006K39,SPOOF,S,3.62,4,6,5,Dec,11
284,HGH2,2011-12-05,10:19:47.849,3048110,00006K3A,SPOOF,S,3.62,4,6,5,Dec,11
285,HGH2,2011-12-05,10:19:47.964,3048111,00006K3B,SPOOF,S,3.62,4,6,5,Dec,11
286,HGH2,2011-12-05,10:19:47.993,3048112,00006K3C,SPOOF,S,3.62,49,6,5,Dec,11
287,HGH2,2011-12-05,10:19:47.995,3048113,00006K3D,SPOOF,S,3.62,5,6,5,Dec,11
288,HGH2,2011-12-05,10:19:48.056,3048116,00006K3E,SPOOF,S,3.62,33,6,5,Dec,11
289,HGH2,2011-12-05,10:19:48.058,3048117,00006K3F,SPOOF,S,3.62,4,6,5,Dec,11
290,HGH2,2011-12-05,10:19:48.063,3048122,00006K3G,SPOOF,S,3.62,4,6,5,Dec,11
291,HGH2,2011-12-05,10:19:48.184,3048129,00006K3H,SPOOF,S,3.62,5,6,5,Dec,11
292,HGH2,2011-12-05,10:19:48.200,3048130,00006K3I,SPOOF,S,3.62,4,6,5,Dec,11
293,HGH2,2011-12-05,10:19:48.656,3048215,00006K41,FLIP,B,3.62,37,6,5,Dec,11
294,HGH2,2011-12-05,10:19:56.108,3048508,00006K75,SPOOF,S,3.62,39,6,5,Dec,11
295,HGH2,2011-12-05,10:19:56.112,3048509,00006K76,SPOOF,S,3.62,3,6,5,Dec,11
296,HGH2,2011-12-05,10:19:56.122,3048512,00006K77,SPOOF,S,3.62,4,6,5,Dec,11
297,HGH2,2011-12-05,10:19:56.247,3048513,00006K78,SPOOF,S,3.62,36,6,5,Dec,11
298,HGH2,2011-12-05,10:19:56.248,3048514,00006K79,SPOOF,S,3.62,4,6,5,Dec,11
299,HGH2,2011-12-05,10:19:56.249,3048515,00006K7A,SPOOF,S,3.62,3,6,5,Dec,11
300,HGH2,2011-12-05,10:19:56.336,3048518,00006K7B,SPOOF,S,3.62,49,6,5,Dec,11
301,HGH2,2011-12-05,10:19:56.341,3048519,00006K7C,SPOOF,S,3.62,4,7,5,Dec,11
302,HGH2,2011-12-05,10:19:56.342,3048520,00006K7D,SPOOF,S,3.62,4,7,5,Dec,11
303,HGH2,2011-12-05,10:19:56.842,3048529,00006K7P,FLIP,B,3.62,33,7,5,Dec,11
304,HGH2,2011-12-05,10:19:56.843,3048530,00006K7Q,FLIP,B,3.62,4,7,5,Dec,11
305,HGH2,2011-12-05,10:19:56.846,3048532,00006K7R,FLIP,B,3.62,5,7,5,Dec,11
306,HGH2,2011-12-05,10:35:39.795,3076274,00006SU7,SPOOF,S,3.61,4,7,5,Dec,11
307,HGH2,2011-12-05,10:35:39.882,3076276,00006SU8,SPOOF,S,3.61,32,7,5,Dec,11
308,HGH2,2011-12-05,10:35:39.896,3076277,00006SU9,SPOOF,S,3.61,4,7,5,Dec,11
309,HGH2,2011-12-05,10:35:40.009,3076278,00006SUA,SPOOF,S,3.61,43,7,5,Dec,11
310,HGH2,2011-12-05,10:35:40.010,3076279,00006SUB,SPOOF,S,3.61,4,7,5,Dec,11
311,HGH2,2011-12-05,10:35:40.011,3076280,00006SUC,SPOOF,S,3.61,8,7,5,Dec,11
312,HGH2,2011-12-05,10:35:40.242,3076285,00006SUD,SPOOF,S,3.61,45,7,5,Dec,11
313,HGH2,2011-12-05,10:35:40.243,3076286,00006SUE,SPOOF,S,3.61,4,7,5,Dec,11
314,HGH2,2011-12-05,10:35:40.244,3076287,00006SUF,SPOOF,S,3.61,3,7,5,Dec,11
315,HGH2,2011-12-05,10:35:40.738,3076313,00006SUS,FLIP,B,3.61,34,7,5,Dec,11
316,HGH2,2011-12-05,10:40:43.136,3084545,00006V6Y,SPOOF,S,3.62,4,7,5,Dec,11
317,HGH2,2011-12-05,10:40:43.255,3084546,00006V6Z,SPOOF,S,3.62,41,7,5,Dec,11
318,HGH2,2011-12-05,10:40:43.260,3084548,00006V70,SPOOF,S,3.62,4,7,5,Dec,11
319,HGH2,2011-12-05,10:40:43.342,3084550,00006V71,SPOOF,S,3.62,39,7,5,Dec,11
320,HGH2,2011-12-05,10:40:43.342,3084551,00006V72,SPOOF,S,3.62,4,7,5,Dec,11
321,HGH2,2011-12-05,10:40:43.344,3084552,00006V73,SPOOF,S,3.62,4,7,5,Dec,11
322,HGH2,2011-12-05,10:40:43.464,3084556,00006V74,SPOOF,S,3.62,4,7,5,Dec,11
323,HGH2,2011-12-05,10:40:43.465,3084557,00006V75,SPOOF,S,3.62,3,7,5,Dec,11
324,HGH2,2011-12-05,10:40:43.569,3084593,00006V77,SPOOF,S,3.62,32,7,5,Dec,11
325,HGH2,2011-12-05,10:40:43.571,3084594,00006V78,SPOOF,S,3.62,4,7,5,Dec,11
326,HGH2,2011-12-05,10:40:44.023,3084604,00006V7S,FLIP,B,3.62,39,7,5,Dec,11
327,HGH2,2011-12-05,10:40:46.003,3084653,00006V8L,SPOOF,S,3.62,4,7,5,Dec,11
328,HGH2,2011-12-05,10:40:46.012,3084654,00006V8M,SPOOF,S,3.62,36,7,5,Dec,11
329,HGH2,2011-12-05,10:40:46.014,3084655,00006V8N,SPOOF,S,3.62,6,7,5,Dec,11
330,HGH2,2011-12-05,10:40:46.663,3084682,00006V8W,FLIP,B,3.62,4,7,5,Dec,11
331,HGH2,2011-12-05,10:40:46.664,3084683,00006V8X,FLIP,B,3.62,42,7,5,Dec,11
332,HGH2,2011-12-05,10:40:46.668,3084686,00006V8Y,FLIP,B,3.62,4,7,5,Dec,11
333,HGH2,2011-12-05,10:40:56.812,3085072,00006VD7,SPOOF,S,3.62,43,7,5,Dec,11
334,HGH2,2011-12-05,10:40:56.813,3085073,00006VD8,SPOOF,S,3.62,4,7,5,Dec,11
335,HGH2,2011-12-05,10:40:56.849,3085086,00006VD9,SPOOF,S,3.62,8,7,5,Dec,11
336,HGH2,2011-12-05,10:40:56.947,3085094,00006VDA,SPOOF,S,3.62,33,7,5,Dec,11
337,HGH2,2011-12-05,10:40:56.978,3085106,00006VDB,SPOOF,S,3.62,5,7,5,Dec,11
338,HGH2,2011-12-05,10:40:57.047,3085109,00006VDC,SPOOF,S,3.62,4,7,5,Dec,11
339,HGH2,2011-12-05,10:40:57.681,3085116,00006VDQ,FLIP,B,3.62,4,7,5,Dec,11
340,HGH2,2011-12-05,10:40:57.681,3085117,00006VDR,FLIP,B,3.62,34,7,5,Dec,11
341,HGH2,2011-12-05,10:40:57.683,3085119,00006VDS,FLIP,B,3.62,6,7,5,Dec,11
342,HGH2,2011-12-05,10:41:07.299,3085648,00006VHQ,SPOOF,S,3.62,4,7,5,Dec,11
343,HGH2,2011-12-05,10:41:07.299,3085649,00006VHR,SPOOF,S,3.62,46,7,5,Dec,11
344,HGH2,2011-12-05,10:41:07.301,3085650,00006VHS,SPOOF,S,3.62,5,7,5,Dec,11
345,HGH2,2011-12-05,10:41:07.434,3085657,00006VHT,SPOOF,S,3.62,41,7,5,Dec,11
346,HGH2,2011-12-05,10:41:07.437,3085658,00006VHU,SPOOF,S,3.62,7,7,5,Dec,11
347,HGH2,2011-12-05,10:41:07.443,3085659,00006VHV,SPOOF,S,3.62,4,7,5,Dec,11
348,HGH2,2011-12-05,10:41:07.552,3085662,00006VI0,SPOOF,S,3.62,3,7,5,Dec,11
349,HGH2,2011-12-05,10:41:07.961,3085668,00006VIB,FLIP,B,3.62,36,7,5,Dec,11
350,HGH2,2011-12-05,10:41:11.898,3085808,00006VJJ,SPOOF,S,3.62,34,7,5,Dec,11
351,HGH2,2011-12-05,10:41:11.899,3085809,00006VJK,SPOOF,S,3.62,4,7,5,Dec,11
352,HGH2,2011-12-05,10:41:11.900,3085810,00006VJL,SPOOF,S,3.62,5,7,5,Dec,11
353,HGH2,2011-12-05,10:41:12.472,3085815,00006VJP,FLIP,B,3.62,46,7,5,Dec,11
354,HGH2,2011-12-05,10:41:12.472,3085816,00006VJQ,FLIP,B,3.62,4,7,5,Dec,11
355,HGH2,2011-12-05,10:41:12.473,3085817,00006VJR,FLIP,B,3.62,4,7,5,Dec,11
356,HGH2,2011-12-05,10:41:23.747,3086121,00006VQ5,SPOOF,B,3.62,4,7,5,Dec,11
357,HGH2,2011-12-05,10:41:23.869,3086130,00006VQ6,SPOOF,B,3.62,4,7,5,Dec,11
358,HGH2,2011-12-05,10:41:24.636,3086150,00006VQH,FLIP,S,3.62,46,7,5,Dec,11
359,HGH2,2011-12-05,10:41:24.640,3086151,00006VQI,FLIP,S,3.62,3,7,5,Dec,11
360,HGH2,2011-12-05,10:51:35.074,3099051,00007075,SPOOF,B,3.62,34,7,5,Dec,11
361,HGH2,2011-12-05,10:51:35.074,3099052,00007076,SPOOF,B,3.62,4,8,5,Dec,11
362,HGH2,2011-12-05,10:51:35.077,3099053,00007077,SPOOF,B,3.62,5,8,5,Dec,11
363,HGH2,2011-12-05,10:51:35.162,3099056,00007078,SPOOF,B,3.62,36,8,5,Dec,11
364,HGH2,2011-12-05,10:51:35.164,3099057,00007079,SPOOF,B,3.62,6,8,5,Dec,11
365,HGH2,2011-12-05,10:51:35.170,3099061,0000707A,SPOOF,B,3.62,4,8,5,Dec,11
366,HGH2,2011-12-05,10:51:35.284,3099062,0000707B,SPOOF,B,3.62,39,8,5,Dec,11
367,HGH2,2011-12-05,10:51:35.651,3099066,0000707O,FLIP,S,3.62,31,8,5,Dec,11
368,HGH2,2011-12-05,10:51:48.220,3099425,000070F5,SPOOF,S,3.62,35,8,5,Dec,11
369,HGH2,2011-12-05,10:51:48.222,3099426,000070F6,SPOOF,S,3.62,3,8,5,Dec,11
370,HGH2,2011-12-05,10:51:48.348,3099429,000070F8,SPOOF,S,3.62,48,8,5,Dec,11
371,HGH2,2011-12-05,10:51:48.348,3099430,000070F9,SPOOF,S,3.62,4,8,5,Dec,11
372,HGH2,2011-12-05,10:51:48.378,3099434,000070FA,SPOOF,S,3.62,4,8,5,Dec,11
373,HGH2,2011-12-05,10:51:48.466,3099435,000070FB,SPOOF,S,3.62,45,8,5,Dec,11
374,HGH2,2011-12-05,10:51:48.467,3099436,000070FC,SPOOF,S,3.62,4,8,5,Dec,11
375,HGH2,2011-12-05,10:51:48.468,3099437,000070FD,SPOOF,S,3.62,8,8,5,Dec,11
376,HGH2,2011-12-05,10:51:48.873,3099443,000070FN,FLIP,B,3.62,38,8,5,Dec,11
377,HGH2,2011-12-05,10:51:48.875,3099444,000070FO,FLIP,B,3.62,2,8,5,Dec,11
378,HGH2,2011-12-06,06:05:54.247,4036565,00000QEF,SPOOF,B,3.55,4,8,6,Dec,11
379,HGH2,2011-12-06,06:05:54.399,4036568,00000QEG,SPOOF,B,3.55,40,8,6,Dec,11
380,HGH2,2011-12-06,06:05:54.408,4036569,00000QEH,SPOOF,B,3.55,4,8,6,Dec,11
381,HGH2,2011-12-06,06:05:54.493,4036570,00000QEI,SPOOF,B,3.55,49,8,6,Dec,11
382,HGH2,2011-12-06,06:05:54.495,4036571,00000QEJ,SPOOF,B,3.55,4,8,6,Dec,11
383,HGH2,2011-12-06,06:05:54.501,4036573,00000QEK,SPOOF,B,3.55,4,8,6,Dec,11
384,HGH2,2011-12-06,06:05:54.637,4036582,00000QEL,SPOOF,B,3.55,39,8,6,Dec,11
385,HGH2,2011-12-06,06:05:54.638,4036583,00000QEM,SPOOF,B,3.55,4,8,6,Dec,11
386,HGH2,2011-12-06,06:05:55.117,4036588,00000QF0,FLIP,S,3.55,31,8,6,Dec,11
387,HGH2,2011-12-06,06:06:19.494,4037190,00000QL9,SPOOF,S,3.55,40,8,6,Dec,11
388,HGH2,2011-12-06,06:06:19.499,4037192,00000QLA,SPOOF,S,3.55,3,8,6,Dec,11
389,HGH2,2011-12-06,06:06:19.501,4037193,00000QLB,SPOOF,S,3.55,4,8,6,Dec,11
390,HGH2,2011-12-06,06:06:19.638,4037200,00000QLC,SPOOF,S,3.55,45,8,6,Dec,11
391,HGH2,2011-12-06,06:06:19.638,4037201,00000QLD,SPOOF,S,3.55,4,8,6,Dec,11
392,HGH2,2011-12-06,06:06:19.640,4037202,00000QLE,SPOOF,S,3.55,4,8,6,Dec,11
393,HGH2,2011-12-06,06:06:20.133,4037223,00000QLN,FLIP,B,3.55,35,8,6,Dec,11
394,HGH2,2011-12-06,06:06:20.137,4037224,00000QLO,FLIP,B,3.55,5,8,6,Dec,11
395,HGH2,2011-12-06,06:07:10.205,4038132,00000QSV,SPOOF,B,3.55,41,8,6,Dec,11
396,HGH2,2011-12-06,06:07:10.209,4038133,00000QSW,SPOOF,B,3.55,4,8,6,Dec,11
397,HGH2,2011-12-06,06:07:11.134,4038143,00000QSZ,FLIP,S,3.55,42,8,6,Dec,11
398,HGH2,2011-12-06,06:07:11.135,4038144,00000QT0,FLIP,S,3.55,4,8,6,Dec,11
399,HGH2,2011-12-06,06:07:11.136,4038145,00000QT1,FLIP,S,3.55,4,8,6,Dec,11
400,HGH2,2011-12-06,06:32:06.706,4071431,00000X25,SPOOF,S,3.55,39,8,6,Dec,11
401,HGH2,2011-12-06,06:32:06.709,4071432,00000X26,SPOOF,S,3.55,4,8,6,Dec,11
402,HGH2,2011-12-06,06:32:06.710,4071433,00000X27,SPOOF,S,3.55,6,8,6,Dec,11
403,HGH2,2011-12-06,06:32:06.841,4071437,00000X28,SPOOF,S,3.55,4,8,6,Dec,11
404,HGH2,2011-12-06,06:32:06.937,4071438,00000X29,SPOOF,S,3.55,4,8,6,Dec,11
405,HGH2,2011-12-06,06:32:06.944,4071439,00000X2A,SPOOF,S,3.55,40,8,6,Dec,11
406,HGH2,2011-12-06,06:32:06.951,4071440,00000X2B,SPOOF,S,3.55,6,8,6,Dec,11
407,HGH2,2011-12-06,06:32:07.667,4071455,00000X2L,FLIP,B,3.55,38,8,6,Dec,11
408,HGH2,2011-12-06,06:32:46.885,4072229,00000XA5,SPOOF,S,3.55,38,8,6,Dec,11
409,HGH2,2011-12-06,06:32:46.885,4072230,00000XA6,SPOOF,S,3.55,4,8,6,Dec,11
410,HGH2,2011-12-06,06:32:46.889,4072231,00000XA7,SPOOF,S,3.55,7,8,6,Dec,11
411,HGH2,2011-12-06,06:32:47.359,4072262,00000XAI,FLIP,B,3.55,44,8,6,Dec,11
412,HGH2,2011-12-06,06:32:47.363,4072267,00000XAJ,FLIP,B,3.55,8,8,6,Dec,11
413,HGH2,2011-12-06,06:32:56.687,4072588,00000XCV,SPOOF,S,3.55,39,8,6,Dec,11
414,HGH2,2011-12-06,06:32:56.693,4072589,00000XCW,SPOOF,S,3.55,7,8,6,Dec,11
415,HGH2,2011-12-06,06:32:56.726,4072591,00000XCX,SPOOF,S,3.55,4,8,6,Dec,11
416,HGH2,2011-12-06,06:32:56.825,4072593,00000XCY,SPOOF,S,3.55,39,8,6,Dec,11
417,HGH2,2011-12-06,06:32:56.828,4072594,00000XCZ,SPOOF,S,3.55,7,8,6,Dec,11
418,HGH2,2011-12-06,06:32:56.831,4072596,00000XD0,SPOOF,S,3.55,4,8,6,Dec,11
419,HGH2,2011-12-06,06:32:57.250,4072615,00000XDA,FLIP,B,3.55,40,8,6,Dec,11
420,HGH2,2011-12-06,06:32:57.254,4072620,00000XDB,FLIP,B,3.55,6,8,6,Dec,11
421,HGH2,2011-12-06,06:42:30.591,4082617,00000ZJN,SPOOF,B,3.54,34,9,6,Dec,11
422,HGH2,2011-12-06,06:42:30.595,4082619,00000ZJO,SPOOF,B,3.54,6,9,6,Dec,11
423,HGH2,2011-12-06,06:42:30.654,4082621,00000ZJP,SPOOF,B,3.54,4,9,6,Dec,11
424,HGH2,2011-12-06,06:42:31.343,4082626,00000ZK2,FLIP,S,3.54,37,9,6,Dec,11
425,HGH2,2011-12-06,06:42:51.864,4082980,00000ZNN,SPOOF,B,3.54,46,9,6,Dec,11
426,HGH2,2011-12-06,06:42:51.864,4082981,00000ZNO,SPOOF,B,3.54,4,9,6,Dec,11
427,HGH2,2011-12-06,06:42:51.869,4082983,00000ZNP,SPOOF,B,3.54,7,9,6,Dec,11
428,HGH2,2011-12-06,06:42:52.301,4082994,00000ZNW,FLIP,S,3.54,35,9,6,Dec,11
429,HGH2,2011-12-06,07:10:14.920,4114938,0000156Y,SPOOF,B,3.56,4,9,6,Dec,11
430,HGH2,2011-12-06,07:10:14.922,4114939,0000156Z,SPOOF,B,3.56,38,9,6,Dec,11
431,HGH2,2011-12-06,07:10:14.927,4114940,00001570,SPOOF,B,3.56,2,9,6,Dec,11
432,HGH2,2011-12-06,07:10:15.021,4114942,00001571,SPOOF,B,3.56,36,9,6,Dec,11
433,HGH2,2011-12-06,07:10:15.023,4114943,00001572,SPOOF,B,3.56,6,9,6,Dec,11
434,HGH2,2011-12-06,07:10:15.029,4114946,00001573,SPOOF,B,3.56,4,9,6,Dec,11
435,HGH2,2011-12-06,07:10:15.142,4114949,00001574,SPOOF,B,3.56,40,9,6,Dec,11
436,HGH2,2011-12-06,07:10:15.146,4114950,00001575,SPOOF,B,3.56,7,9,6,Dec,11
437,HGH2,2011-12-06,07:10:15.591,4114968,0000157H,FLIP,S,3.56,46,9,6,Dec,11
438,HGH2,2011-12-07,05:48:00.468,5488565,000ZN8VB,SPOOF,B,3.59,46,9,7,Dec,11
439,HGH2,2011-12-07,05:48:00.468,5488566,000ZN8VC,SPOOF,B,3.59,4,9,7,Dec,11
440,HGH2,2011-12-07,05:48:00.470,5488567,000ZN8VD,SPOOF,B,3.59,5,9,7,Dec,11
441,HGH2,2011-12-07,05:48:01.062,5488584,000ZN8VM,FLIP,S,3.59,39,9,7,Dec,11
442,HGH2,2011-12-07,05:48:17.602,5488972,000ZN8ZJ,SPOOF,B,3.59,48,9,7,Dec,11
443,HGH2,2011-12-07,05:48:17.603,5488973,000ZN8ZK,SPOOF,B,3.59,4,9,7,Dec,11
444,HGH2,2011-12-07,05:48:17.627,5488975,000ZN8ZL,SPOOF,B,3.59,4,9,7,Dec,11
445,HGH2,2011-12-07,05:48:18.276,5488979,000ZN8ZQ,FLIP,S,3.59,39,9,7,Dec,11
446,HGH2,2011-12-07,05:48:18.276,5488980,000ZN8ZR,FLIP,S,3.59,4,9,7,Dec,11
447,HGH2,2011-12-07,06:29:04.514,5525109,000ZNEB8,SPOOF,S,3.57,47,9,7,Dec,11
448,HGH2,2011-12-07,06:29:04.518,5525110,000ZNEB9,SPOOF,S,3.57,7,9,7,Dec,11
449,HGH2,2011-12-07,06:29:04.531,5525111,000ZNEBA,SPOOF,S,3.57,4,9,7,Dec,11
450,HGH2,2011-12-07,06:29:04.638,5525115,000ZNEBE,SPOOF,S,3.57,44,9,7,Dec,11
451,HGH2,2011-12-07,06:29:04.639,5525116,000ZNEBF,SPOOF,S,3.57,4,9,7,Dec,11
452,HGH2,2011-12-07,06:29:04.646,5525118,000ZNEBG,SPOOF,S,3.57,3,9,7,Dec,11
453,HGH2,2011-12-07,06:29:05.083,5525126,000ZNEBW,FLIP,B,3.57,36,9,7,Dec,11
454,HGH2,2011-12-07,06:30:16.800,5526170,000ZNEIH,SPOOF,B,3.57,4,9,7,Dec,11
455,HGH2,2011-12-07,06:30:16.800,5526171,000ZNEII,SPOOF,B,3.57,36,9,7,Dec,11
456,HGH2,2011-12-07,06:30:16.802,5526172,000ZNEIJ,SPOOF,B,3.57,4,9,7,Dec,11
457,HGH2,2011-12-07,06:30:16.975,5526181,000ZNEIK,SPOOF,B,3.57,37,9,7,Dec,11
458,HGH2,2011-12-07,06:30:16.976,5526182,000ZNEIL,SPOOF,B,3.57,4,9,7,Dec,11
459,HGH2,2011-12-07,06:30:16.978,5526183,000ZNEIM,SPOOF,B,3.57,3,9,7,Dec,11
460,HGH2,2011-12-07,06:30:17.412,5526186,000ZNEIU,FLIP,S,3.57,47,9,7,Dec,11
461,HGH2,2011-12-07,07:55:27.622,5721779,000ZNXUB,SPOOF,B,3.56,40,9,7,Dec,11
462,HGH2,2011-12-07,07:55:27.623,5721780,000ZNXUC,SPOOF,B,3.56,4,9,7,Dec,11
463,HGH2,2011-12-07,07:55:27.624,5721781,000ZNXUD,SPOOF,B,3.56,5,9,7,Dec,11
464,HGH2,2011-12-07,07:55:28.016,5721798,000ZNXUO,FLIP,S,3.56,49,9,7,Dec,11
465,HGH2,2011-12-07,07:55:30.789,5721949,000ZNXVB,SPOOF,S,3.56,38,9,7,Dec,11
466,HGH2,2011-12-07,07:55:30.790,5721950,000ZNXVC,SPOOF,S,3.56,4,9,7,Dec,11
467,HGH2,2011-12-07,07:55:30.792,5721951,000ZNXVD,SPOOF,S,3.56,3,9,7,Dec,11
468,HGH2,2011-12-07,07:55:30.894,5721957,000ZNXVE,SPOOF,S,3.56,44,9,7,Dec,11
469,HGH2,2011-12-07,07:55:30.897,5721958,000ZNXVF,SPOOF,S,3.56,6,9,7,Dec,11
470,HGH2,2011-12-07,07:55:30.904,5721959,000ZNXVG,SPOOF,S,3.56,4,9,7,Dec,11
471,HGH2,2011-12-07,07:55:31.689,5722072,000ZNXVQ,FLIP,B,3.56,39,9,7,Dec,11
472,HGH2,2011-12-07,07:55:31.689,5722073,000ZNXVR,FLIP,B,3.56,4,9,7,Dec,11
473,HGH2,2011-12-07,07:55:38.630,5722410,000ZNXYZ,SPOOF,B,3.56,47,9,7,Dec,11
474,HGH2,2011-12-07,07:55:38.637,5722415,000ZNXZ0,SPOOF,B,3.56,6,9,7,Dec,11
475,HGH2,2011-12-07,07:55:38.642,5722416,000ZNXZ1,SPOOF,B,3.56,4,9,7,Dec,11
476,HGH2,2011-12-07,07:55:38.786,5722457,000ZNXZ2,SPOOF,B,3.56,44,9,7,Dec,11
477,HGH2,2011-12-07,07:55:38.788,5722458,000ZNXZ3,SPOOF,B,3.56,4,9,7,Dec,11
478,HGH2,2011-12-07,07:55:38.788,5722459,000ZNXZ4,SPOOF,B,3.56,7,9,7,Dec,11
479,HGH2,2011-12-07,07:55:38.879,5722464,000ZNXZ5,SPOOF,B,3.56,35,9,7,Dec,11
480,HGH2,2011-12-07,07:55:38.881,5722465,000ZNXZ6,SPOOF,B,3.56,4,9,7,Dec,11
481,HGH2,2011-12-07,07:55:38.881,5722466,000ZNXZ7,SPOOF,B,3.56,3,10,7,Dec,11
482,HGH2,2011-12-07,07:55:39.035,5722471,000ZNXZ8,SPOOF,B,3.56,42,10,7,Dec,11
483,HGH2,2011-12-07,07:55:39.035,5722473,000ZNXZ9,SPOOF,B,3.56,4,10,7,Dec,11
484,HGH2,2011-12-07,07:55:39.037,5722474,000ZNXZA,SPOOF,B,3.56,6,10,7,Dec,11
485,HGH2,2011-12-07,07:55:39.546,5722500,000ZNXZT,FLIP,S,3.56,48,10,7,Dec,11
486,HGH2,2011-12-07,08:01:22.087,5735418,000ZO0K6,SPOOF,S,3.55,4,10,7,Dec,11
487,HGH2,2011-12-07,08:01:22.191,5735421,000ZO0K7,SPOOF,S,3.55,4,10,7,Dec,11
488,HGH2,2011-12-07,08:01:22.224,5735424,000ZO0K8,SPOOF,S,3.55,43,10,7,Dec,11
489,HGH2,2011-12-07,08:01:22.226,5735425,000ZO0K9,SPOOF,S,3.55,5,10,7,Dec,11
490,HGH2,2011-12-07,08:01:22.427,5735465,000ZO0KO,SPOOF,S,3.55,46,10,7,Dec,11
491,HGH2,2011-12-07,08:01:22.428,5735466,000ZO0KP,SPOOF,S,3.55,4,10,7,Dec,11
492,HGH2,2011-12-07,08:01:22.468,5735471,000ZO0KQ,SPOOF,S,3.55,7,10,7,Dec,11
493,HGH2,2011-12-07,08:01:22.562,5735475,000ZO0KS,SPOOF,S,3.55,36,10,7,Dec,11
494,HGH2,2011-12-07,08:01:22.593,5735478,000ZO0KX,SPOOF,S,3.55,4,10,7,Dec,11
495,HGH2,2011-12-07,08:01:22.594,5735479,000ZO0KY,SPOOF,S,3.55,7,10,7,Dec,11
496,HGH2,2011-12-07,08:01:22.688,5735485,000ZO0L0,SPOOF,S,3.55,4,10,7,Dec,11
497,HGH2,2011-12-07,08:01:22.688,5735486,000ZO0L1,SPOOF,S,3.55,7,10,7,Dec,11
498,HGH2,2011-12-07,08:01:22.924,5735497,000ZO0LG,FLIP,B,3.55,43,10,7,Dec,11
499,HGH2,2011-12-08,05:59:56.899,6765655,000ZONO9,SPOOF,B,3.57,32,10,8,Dec,11
500,HGH2,2011-12-08,05:59:56.902,6765656,000ZONOA,SPOOF,B,3.57,5,10,8,Dec,11
501,HGH2,2011-12-08,05:59:56.930,6765658,000ZONOB,SPOOF,B,3.57,4,10,8,Dec,11
502,HGH2,2011-12-08,05:59:57.084,6765661,000ZONOC,SPOOF,B,3.57,47,10,8,Dec,11
503,HGH2,2011-12-08,05:59:57.096,6765662,000ZONOD,SPOOF,B,3.57,4,10,8,Dec,11
504,HGH2,2011-12-08,05:59:57.097,6765663,000ZONOE,SPOOF,B,3.57,7,10,8,Dec,11
505,HGH2,2011-12-08,05:59:57.292,6765667,000ZONOG,SPOOF,B,3.57,35,10,8,Dec,11
506,HGH2,2011-12-08,05:59:57.294,6765668,000ZONOH,SPOOF,B,3.57,5,10,8,Dec,11
507,HGH2,2011-12-08,05:59:57.311,6765671,000ZONOI,SPOOF,B,3.57,4,10,8,Dec,11
508,HGH2,2011-12-08,05:59:57.884,6765678,000ZONP0,FLIP,S,3.57,34,10,8,Dec,11
509,HGH2,2011-12-08,05:59:57.884,6765679,000ZONP1,FLIP,S,3.57,4,10,8,Dec,11
510,HGH2,2011-12-08,06:00:08.318,6766021,000ZONSW,SPOOF,S,3.57,37,10,8,Dec,11
511,HGH2,2011-12-08,06:00:08.318,6766022,000ZONSX,SPOOF,S,3.57,4,10,8,Dec,11
512,HGH2,2011-12-08,06:00:08.320,6766023,000ZONSY,SPOOF,S,3.57,3,10,8,Dec,11
513,HGH2,2011-12-08,06:00:08.472,6766027,000ZONSZ,SPOOF,S,3.57,47,10,8,Dec,11
514,HGH2,2011-12-08,06:00:08.475,6766028,000ZONT0,SPOOF,S,3.57,4,10,8,Dec,11
515,HGH2,2011-12-08,06:00:08.567,6766030,000ZONT1,SPOOF,S,3.57,3,10,8,Dec,11
516,HGH2,2011-12-08,06:00:09.016,6766034,000ZONTK,FLIP,B,3.57,40,10,8,Dec,11
517,HGH2,2011-12-08,06:20:44.591,6784512,000ZOT7G,SPOOF,S,3.56,49,10,8,Dec,11
518,HGH2,2011-12-08,06:20:44.594,6784513,000ZOT7H,SPOOF,S,3.56,5,10,8,Dec,11
519,HGH2,2011-12-08,06:20:45.544,6784558,000ZOT7R,FLIP,B,3.56,34,10,8,Dec,11
520,HGH2,2011-12-08,06:21:02.058,6785029,000ZOTBA,SPOOF,B,3.57,4,10,8,Dec,11
521,HGH2,2011-12-08,06:21:02.059,6785030,000ZOTBB,SPOOF,B,3.57,45,10,8,Dec,11
522,HGH2,2011-12-08,06:21:02.061,6785031,000ZOTBC,SPOOF,B,3.57,6,10,8,Dec,11
523,HGH2,2011-12-08,06:21:02.679,6785042,000ZOTBM,FLIP,S,3.57,38,10,8,Dec,11
524,HGH2,2011-12-08,06:31:03.371,6790989,000ZOV6H,SPOOF,S,3.57,4,10,8,Dec,11
525,HGH2,2011-12-08,06:31:03.575,6790998,000ZOV6J,SPOOF,S,3.57,4,10,8,Dec,11
526,HGH2,2011-12-08,06:31:03.679,6791002,000ZOV6K,SPOOF,S,3.57,4,10,8,Dec,11
527,HGH2,2011-12-08,06:31:03.686,6791003,000ZOV6L,SPOOF,S,3.57,41,10,8,Dec,11
528,HGH2,2011-12-08,06:31:03.688,6791004,000ZOV6M,SPOOF,S,3.57,6,10,8,Dec,11
529,HGH2,2011-12-08,06:31:03.792,6791005,000ZOV6R,SPOOF,S,3.57,36,10,8,Dec,11
530,HGH2,2011-12-08,06:31:03.794,6791006,000ZOV6S,SPOOF,S,3.57,4,10,8,Dec,11
531,HGH2,2011-12-08,06:31:03.834,6791023,000ZOV6T,SPOOF,S,3.57,4,10,8,Dec,11
532,HGH2,2011-12-08,06:31:04.348,6791045,000ZOV75,FLIP,B,3.57,44,10,8,Dec,11
533,HGH2,2011-12-08,06:31:04.353,6791052,000ZOV76,FLIP,B,3.57,8,10,8,Dec,11
534,HGH2,2011-12-08,06:32:11.574,6792863,000ZOVRR,SPOOF,S,3.57,4,10,8,Dec,11
535,HGH2,2011-12-08,06:32:11.610,6792865,000ZOVRS,SPOOF,S,3.57,35,10,8,Dec,11
536,HGH2,2011-12-08,06:32:11.613,6792866,000ZOVRT,SPOOF,S,3.57,6,10,8,Dec,11
537,HGH2,2011-12-08,06:32:12.042,6792871,000ZOVS0,FLIP,B,3.57,40,10,8,Dec,11
538,HGH2,2011-12-08,07:25:34.526,6885451,000ZPE0H,SPOOF,B,3.57,4,10,8,Dec,11
539,HGH2,2011-12-08,07:25:34.527,6885452,000ZPE0I,SPOOF,B,3.57,42,10,8,Dec,11
540,HGH2,2011-12-08,07:25:34.529,6885453,000ZPE0J,SPOOF,B,3.57,7,10,8,Dec,11
541,HGH2,2011-12-08,07:25:34.632,6885473,000ZPE0N,SPOOF,B,3.57,4,11,8,Dec,11
542,HGH2,2011-12-08,07:25:35.117,6885522,000ZPE17,FLIP,S,3.57,47,11,8,Dec,11
543,HGH2,2011-12-08,09:37:22.793,7566129,000ZR2NN,SPOOF,S,3.52,42,11,8,Dec,11
544,HGH2,2011-12-08,09:37:22.795,7566130,000ZR2NO,SPOOF,S,3.52,5,11,8,Dec,11
545,HGH2,2011-12-08,09:37:22.800,7566139,000ZR2NP,SPOOF,S,3.52,4,11,8,Dec,11
546,HGH2,2011-12-08,09:37:23.326,7566225,000ZR2NW,FLIP,B,3.52,35,11,8,Dec,11
547,HGH2,2011-12-08,09:37:32.339,7567008,000ZR2R0,SPOOF,S,3.52,37,11,8,Dec,11
548,HGH2,2011-12-08,09:37:32.341,7567009,000ZR2R1,SPOOF,S,3.52,7,11,8,Dec,11
549,HGH2,2011-12-08,09:37:32.507,7567014,000ZR2R2,SPOOF,S,3.52,34,11,8,Dec,11
550,HGH2,2011-12-08,09:37:32.509,7567015,000ZR2R3,SPOOF,S,3.52,5,11,8,Dec,11
551,HGH2,2011-12-08,09:37:33.287,7567029,000ZR2RA,FLIP,B,3.52,46,11,8,Dec,11
552,HGH2,2011-12-08,09:37:33.288,7567031,000ZR2RB,FLIP,B,3.52,4,11,8,Dec,11
553,HGH2,2011-12-08,09:47:05.510,7598405,000ZR5S4,SPOOF,B,3.52,33,11,8,Dec,11
554,HGH2,2011-12-08,09:47:05.511,7598406,000ZR5S5,SPOOF,B,3.52,4,11,8,Dec,11
555,HGH2,2011-12-08,09:47:05.512,7598408,000ZR5S6,SPOOF,B,3.52,3,11,8,Dec,11
556,HGH2,2011-12-08,09:47:05.635,7598412,000ZR5SJ,SPOOF,B,3.52,48,11,8,Dec,11
557,HGH2,2011-12-08,09:47:05.642,7598413,000ZR5SK,SPOOF,B,3.52,4,11,8,Dec,11
558,HGH2,2011-12-08,09:47:05.643,7598414,000ZR5SL,SPOOF,B,3.52,4,11,8,Dec,11
559,HGH2,2011-12-08,09:47:06.094,7598419,000ZR5T2,FLIP,S,3.52,47,11,8,Dec,11
560,HGH2,2011-12-08,09:47:06.097,7598420,000ZR5T3,FLIP,S,3.52,6,11,8,Dec,11
561,HGH2,2011-12-08,10:11:50.918,7694872,000ZREFG,SPOOF,B,3.49,43,11,8,Dec,11
562,HGH2,2011-12-08,10:11:50.925,7694877,000ZREFH,SPOOF,B,3.49,5,11,8,Dec,11
563,HGH2,2011-12-08,10:11:50.925,7694878,000ZREFI,SPOOF,B,3.49,4,11,8,Dec,11
564,HGH2,2011-12-08,10:11:51.037,7694886,000ZREFJ,SPOOF,B,3.49,35,11,8,Dec,11
565,HGH2,2011-12-08,10:11:51.043,7694887,000ZREFK,SPOOF,B,3.49,4,11,8,Dec,11
566,HGH2,2011-12-08,10:11:51.043,7694888,000ZREFL,SPOOF,B,3.49,4,11,8,Dec,11
567,HGH2,2011-12-08,10:11:51.449,7694945,000ZREGB,FLIP,S,3.49,39,11,8,Dec,11
568,HGH2,2011-12-09,06:00:52.110,8807620,000ZV94H,SPOOF,B,3.55,43,11,9,Dec,11
569,HGH2,2011-12-09,06:00:52.110,8807621,000ZV94I,SPOOF,B,3.55,4,11,9,Dec,11
570,HGH2,2011-12-09,06:00:52.112,8807622,000ZV94J,SPOOF,B,3.55,4,11,9,Dec,11
571,HGH2,2011-12-09,06:00:52.252,8807625,000ZV94K,SPOOF,B,3.55,43,11,9,Dec,11
572,HGH2,2011-12-09,06:00:52.258,8807626,000ZV94L,SPOOF,B,3.55,8,11,9,Dec,11
573,HGH2,2011-12-09,06:00:52.889,8807642,000ZV955,FLIP,S,3.55,46,11,9,Dec,11
574,HGH2,2011-12-09,06:00:52.890,8807643,000ZV956,FLIP,S,3.55,7,11,9,Dec,11
575,HGH2,2011-12-09,06:01:25.149,8808686,000ZV9B8,SPOOF,S,3.55,4,11,9,Dec,11
576,HGH2,2011-12-09,06:01:25.155,8808687,000ZV9B9,SPOOF,S,3.55,33,11,9,Dec,11
577,HGH2,2011-12-09,06:01:25.156,8808688,000ZV9BA,SPOOF,S,3.55,3,11,9,Dec,11
578,HGH2,2011-12-09,06:01:25.227,8808691,000ZV9BB,SPOOF,S,3.55,32,11,9,Dec,11
579,HGH2,2011-12-09,06:01:25.229,8808692,000ZV9BC,SPOOF,S,3.55,4,11,9,Dec,11
580,HGH2,2011-12-09,06:01:25.236,8808694,000ZV9BD,SPOOF,S,3.55,4,11,9,Dec,11
581,HGH2,2011-12-09,06:01:25.918,8808720,000ZV9BM,FLIP,B,3.55,47,11,9,Dec,11
582,HGH2,2011-12-09,06:49:55.700,8858257,000ZVEIT,SPOOF,B,3.54,32,11,9,Dec,11
583,HGH2,2011-12-09,06:49:55.702,8858258,000ZVEIU,SPOOF,B,3.54,4,11,9,Dec,11
584,HGH2,2011-12-09,06:49:55.704,8858259,000ZVEIV,SPOOF,B,3.54,4,11,9,Dec,11
585,HGH2,2011-12-09,06:49:55.818,8858263,000ZVEIY,SPOOF,B,3.54,4,11,9,Dec,11
586,HGH2,2011-12-09,06:49:56.197,8858285,000ZVEJR,FLIP,S,3.54,34,11,9,Dec,11
587,HGH2,2011-12-09,07:10:51.430,8892795,000ZVGU0,SPOOF,B,3.53,34,11,9,Dec,11
588,HGH2,2011-12-09,07:10:51.432,8892796,000ZVGU1,SPOOF,B,3.53,4,11,9,Dec,11
589,HGH2,2011-12-09,07:10:51.451,8892803,000ZVGU3,SPOOF,B,3.53,4,11,9,Dec,11
590,HGH2,2011-12-09,07:10:52.038,8892813,000ZVGU7,FLIP,S,3.53,39,11,9,Dec,11
591,HGH2,2011-12-09,07:10:52.039,8892814,000ZVGU8,FLIP,S,3.53,4,11,9,Dec,11
592,HGH2,2011-12-09,07:15:09.106,8897489,000ZVHED,SPOOF,S,3.54,4,11,9,Dec,11
593,HGH2,2011-12-09,07:15:09.618,8897491,000ZVHEE,SPOOF,S,3.54,37,11,9,Dec,11
594,HGH2,2011-12-09,07:15:09.618,8897492,000ZVHEF,SPOOF,S,3.54,4,11,9,Dec,11
595,HGH2,2011-12-09,07:15:09.621,8897493,000ZVHEG,SPOOF,S,3.54,7,11,9,Dec,11
596,HGH2,2011-12-09,07:15:10.072,8897497,000ZVHEN,FLIP,B,3.54,34,11,9,Dec,11
597,HGH2,2011-12-09,07:15:10.076,8897500,000ZVHEO,FLIP,B,3.54,3,11,9,Dec,11
598,HGH2,2011-12-09,07:16:21.173,8899162,000ZVHMV,SPOOF,B,3.55,34,11,9,Dec,11
599,HGH2,2011-12-09,07:16:21.175,8899163,000ZVHMW,SPOOF,B,3.55,6,11,9,Dec,11
600,HGH2,2011-12-09,07:16:21.229,8899172,000ZVHMX,SPOOF,B,3.55,4,11,9,Dec,11
601,HGH2,2011-12-09,07:16:21.796,8899179,000ZVHN1,FLIP,S,3.55,43,12,9,Dec,11
602,HGH2,2011-12-09,08:42:16.366,9125147,000ZW3RZ,SPOOF,B,3.53,44,12,9,Dec,11
603,HGH2,2011-12-09,08:42:16.368,9125148,000ZW3S0,SPOOF,B,3.53,8,12,9,Dec,11
604,HGH2,2011-12-09,08:42:16.384,9125151,000ZW3S1,SPOOF,B,3.53,4,12,9,Dec,11
605,HGH2,2011-12-09,08:42:16.923,9125288,000ZW3VM,FLIP,S,3.53,34,12,9,Dec,11
606,HGH2,2011-12-09,08:42:16.923,9125289,000ZW3VN,FLIP,S,3.53,4,12,9,Dec,11
607,HGH2,2011-12-12,06:38:01.133,399486,000ZYRWT,SPOOF,S,3.47,4,12,12,Dec,11
608,HGH2,2011-12-12,06:38:01.248,399487,000ZYRWU,SPOOF,S,3.47,4,12,12,Dec,11
609,HGH2,2011-12-12,06:38:01.380,399488,000ZYRWV,SPOOF,S,3.47,4,12,12,Dec,11
610,HGH2,2011-12-12,06:38:01.490,399491,000ZYRWW,SPOOF,S,3.47,4,12,12,Dec,11
611,HGH2,2011-12-12,06:38:02.084,399495,000ZYRX5,FLIP,B,3.47,42,12,12,Dec,11
612,HGH2,2011-12-12,06:38:02.089,399498,000ZYRX6,FLIP,B,3.47,7,12,12,Dec,11
613,HGH2,2011-12-12,06:38:12.889,399619,000ZYRZ3,SPOOF,B,3.47,36,12,12,Dec,11
614,HGH2,2011-12-12,06:38:12.889,399620,000ZYRZ4,SPOOF,B,3.47,4,12,12,Dec,11
615,HGH2,2011-12-12,06:38:12.894,399622,000ZYRZ5,SPOOF,B,3.47,3,12,12,Dec,11
616,HGH2,2011-12-12,06:38:13.369,399625,000ZYRZ9,FLIP,S,3.47,32,12,12,Dec,11
617,HGH2,2011-12-12,07:31:33.547,471328,000ZYX1S,SPOOF,S,3.47,43,12,12,Dec,11
618,HGH2,2011-12-12,07:31:33.549,471329,000ZYX1T,SPOOF,S,3.47,7,12,12,Dec,11
619,HGH2,2011-12-12,07:31:33.640,471348,000ZYX1U,SPOOF,S,3.47,47,12,12,Dec,11
620,HGH2,2011-12-12,07:31:33.644,471349,000ZYX1V,SPOOF,S,3.47,4,12,12,Dec,11
621,HGH2,2011-12-12,07:31:33.645,471352,000ZYX1W,SPOOF,S,3.47,3,12,12,Dec,11
622,HGH2,2011-12-12,07:31:33.757,471354,000ZYX1X,SPOOF,S,3.47,41,12,12,Dec,11
623,HGH2,2011-12-12,07:31:33.762,471355,000ZYX1Y,SPOOF,S,3.47,3,12,12,Dec,11
624,HGH2,2011-12-12,07:31:33.771,471356,000ZYX1Z,SPOOF,S,3.47,4,12,12,Dec,11
625,HGH2,2011-12-12,07:31:34.461,471375,000ZYX2F,FLIP,B,3.47,37,12,12,Dec,11
626,HGH2,2011-12-12,07:31:37.881,471541,000ZYX2Z,SPOOF,B,3.47,31,12,12,Dec,11
627,HGH2,2011-12-12,07:31:37.882,471542,000ZYX30,SPOOF,B,3.47,4,12,12,Dec,11
628,HGH2,2011-12-12,07:31:37.883,471543,000ZYX31,SPOOF,B,3.47,5,12,12,Dec,11
629,HGH2,2011-12-12,07:31:38.328,471579,000ZYX39,FLIP,S,3.47,39,12,12,Dec,11
630,HGH2,2011-12-12,07:35:51.230,481414,000ZYXNV,SPOOF,B,3.47,4,12,12,Dec,11
631,HGH2,2011-12-12,07:35:51.390,481418,000ZYXNW,SPOOF,B,3.47,4,12,12,Dec,11
632,HGH2,2011-12-12,07:35:51.487,481420,000ZYXNX,SPOOF,B,3.47,39,12,12,Dec,11
633,HGH2,2011-12-12,07:35:51.487,481421,000ZYXNY,SPOOF,B,3.47,4,12,12,Dec,11
634,HGH2,2011-12-12,07:35:51.495,481426,000ZYXNZ,SPOOF,B,3.47,6,12,12,Dec,11
635,HGH2,2011-12-12,07:35:51.588,481446,000ZYXO0,SPOOF,B,3.47,50,12,12,Dec,11
636,HGH2,2011-12-12,07:35:51.589,481447,000ZYXO1,SPOOF,B,3.47,4,12,12,Dec,11
637,HGH2,2011-12-12,07:35:51.591,481448,000ZYXO2,SPOOF,B,3.47,4,12,12,Dec,11
638,HGH2,2011-12-12,07:35:51.697,481459,000ZYXO3,SPOOF,B,3.47,36,12,12,Dec,11
639,HGH2,2011-12-12,07:35:51.699,481460,000ZYXO4,SPOOF,B,3.47,5,12,12,Dec,11
640,HGH2,2011-12-12,07:35:51.718,481466,000ZYXO5,SPOOF,B,3.47,4,12,12,Dec,11
641,HGH2,2011-12-12,07:35:51.828,481469,000ZYXO6,SPOOF,B,3.47,4,12,12,Dec,11
642,HGH2,2011-12-12,07:35:52.232,481480,000ZYXON,FLIP,S,3.47,37,12,12,Dec,11
643,HGH2,2011-12-12,07:55:03.128,526187,000ZZ0KH,SPOOF,S,3.47,38,12,12,Dec,11
644,HGH2,2011-12-12,07:55:03.129,526188,000ZZ0KI,SPOOF,S,3.47,4,12,12,Dec,11
645,HGH2,2011-12-12,07:55:03.131,526190,000ZZ0KJ,SPOOF,S,3.47,3,12,12,Dec,11
646,HGH2,2011-12-12,07:55:03.260,526222,000ZZ0KL,SPOOF,S,3.47,48,12,12,Dec,11
647,HGH2,2011-12-12,07:55:03.668,526232,000ZZ0KV,FLIP,B,3.47,46,12,12,Dec,11
648,HGH2,2011-12-13,07:19:41.255,1874183,000ZVVCS,SPOOF,S,3.47,4,12,13,Dec,11
649,HGH2,2011-12-13,07:19:41.458,1874196,000ZVVCU,SPOOF,S,3.47,33,12,13,Dec,11
650,HGH2,2011-12-13,07:19:41.460,1874197,000ZVVCV,SPOOF,S,3.47,4,12,13,Dec,11
651,HGH2,2011-12-13,07:19:41.662,1874201,000ZVVCW,SPOOF,S,3.47,48,12,13,Dec,11
652,HGH2,2011-12-13,07:19:41.665,1874202,000ZVVCX,SPOOF,S,3.47,6,12,13,Dec,11
653,HGH2,2011-12-13,07:19:41.692,1874213,000ZVVCY,SPOOF,S,3.47,4,12,13,Dec,11
654,HGH2,2011-12-13,07:19:42.162,1874221,000ZVVDA,FLIP,B,3.47,38,12,13,Dec,11
655,HGH2,2011-12-13,07:19:49.214,1874398,000ZVVE9,SPOOF,S,3.47,34,12,13,Dec,11
656,HGH2,2011-12-13,07:19:49.214,1874399,000ZVVEA,SPOOF,S,3.47,4,12,13,Dec,11
657,HGH2,2011-12-13,07:19:49.220,1874402,000ZVVEB,SPOOF,S,3.47,5,12,13,Dec,11
658,HGH2,2011-12-13,07:19:49.348,1874408,000ZVVEC,SPOOF,S,3.47,35,12,13,Dec,11
659,HGH2,2011-12-13,07:19:49.357,1874412,000ZVVED,SPOOF,S,3.47,4,12,13,Dec,11
660,HGH2,2011-12-13,07:19:49.358,1874413,000ZVVEE,SPOOF,S,3.47,4,12,13,Dec,11
661,HGH2,2011-12-13,07:19:49.444,1874414,000ZVVEF,SPOOF,S,3.47,41,13,13,Dec,11
662,HGH2,2011-12-13,07:19:49.449,1874415,000ZVVEG,SPOOF,S,3.47,7,13,13,Dec,11
663,HGH2,2011-12-13,07:19:49.450,1874416,000ZVVEH,SPOOF,S,3.47,4,13,13,Dec,11
664,HGH2,2011-12-13,07:19:49.893,1874429,000ZVVEV,FLIP,B,3.47,38,13,13,Dec,11
665,HGH2,2011-12-13,07:19:49.895,1874432,000ZVVEW,FLIP,B,3.47,3,13,13,Dec,11
666,HGH2,2011-12-13,07:20:01.564,1875929,000ZVVGF,SPOOF,B,3.47,47,13,13,Dec,11
667,HGH2,2011-12-13,07:20:01.564,1875930,000ZVVGG,SPOOF,B,3.47,4,13,13,Dec,11
668,HGH2,2011-12-13,07:20:01.566,1875931,000ZVVGH,SPOOF,B,3.47,4,13,13,Dec,11
669,HGH2,2011-12-13,07:20:01.691,1875951,000ZVVGI,SPOOF,B,3.47,37,13,13,Dec,11
670,HGH2,2011-12-13,07:20:01.693,1875952,000ZVVGJ,SPOOF,B,3.47,5,13,13,Dec,11
671,HGH2,2011-12-13,07:20:01.698,1875959,000ZVVGK,SPOOF,B,3.47,4,13,13,Dec,11
672,HGH2,2011-12-13,07:20:02.256,1875993,000ZVVGT,FLIP,S,3.47,43,13,13,Dec,11
673,HGH2,2011-12-13,07:20:02.257,1875995,000ZVVGU,FLIP,S,3.47,4,13,13,Dec,11
674,HGH2,2011-12-13,07:20:19.720,1877208,000ZVVKH,SPOOF,S,3.47,4,13,13,Dec,11
675,HGH2,2011-12-13,07:20:19.894,1877213,000ZVVKI,SPOOF,S,3.47,41,13,13,Dec,11
676,HGH2,2011-12-13,07:20:19.894,1877214,000ZVVKJ,SPOOF,S,3.47,4,13,13,Dec,11
677,HGH2,2011-12-13,07:20:19.896,1877215,000ZVVKK,SPOOF,S,3.47,4,13,13,Dec,11
678,HGH2,2011-12-13,07:20:19.980,1877220,000ZVVKL,SPOOF,S,3.47,4,13,13,Dec,11
679,HGH2,2011-12-13,07:20:20.116,1877232,000ZVVKM,SPOOF,S,3.47,7,13,13,Dec,11
680,HGH2,2011-12-13,07:20:20.522,1877239,000ZVVKU,FLIP,B,3.47,34,13,13,Dec,11
681,HGH2,2011-12-13,07:20:20.526,1877241,000ZVVKV,FLIP,B,3.47,5,13,13,Dec,11
682,HGH2,2011-12-13,07:22:01.759,1879591,000ZVVSA,SPOOF,S,3.47,37,13,13,Dec,11
683,HGH2,2011-12-13,07:22:01.762,1879592,000ZVVSB,SPOOF,S,3.47,6,13,13,Dec,11
684,HGH2,2011-12-13,07:22:01.791,1879594,000ZVVSC,SPOOF,S,3.47,4,13,13,Dec,11
685,HGH2,2011-12-13,07:22:02.265,1879595,000ZVVSJ,FLIP,B,3.47,49,13,13,Dec,11
686,HGH2,2011-12-13,07:22:02.267,1879596,000ZVVSK,FLIP,B,3.47,5,13,13,Dec,11
687,HGH2,2011-12-13,07:22:14.075,1880059,000ZVVT6,SPOOF,B,3.47,33,13,13,Dec,11
688,HGH2,2011-12-13,07:22:14.077,1880060,000ZVVT7,SPOOF,B,3.47,3,13,13,Dec,11
689,HGH2,2011-12-13,07:22:14.082,1880061,000ZVVT8,SPOOF,B,3.47,4,13,13,Dec,11
690,HGH2,2011-12-13,07:22:14.197,1880081,000ZVVT9,SPOOF,B,3.47,4,13,13,Dec,11
691,HGH2,2011-12-13,07:22:14.204,1880082,000ZVVTA,SPOOF,B,3.47,48,13,13,Dec,11
692,HGH2,2011-12-13,07:22:14.218,1880095,000ZVVTB,SPOOF,B,3.47,6,13,13,Dec,11
693,HGH2,2011-12-13,07:22:14.318,1880121,000ZVVTC,SPOOF,B,3.47,44,13,13,Dec,11
694,HGH2,2011-12-13,07:22:14.318,1880122,000ZVVTD,SPOOF,B,3.47,4,13,13,Dec,11
695,HGH2,2011-12-13,07:22:14.320,1880123,000ZVVTE,SPOOF,B,3.47,5,13,13,Dec,11
696,HGH2,2011-12-13,07:22:14.727,1880157,000ZVVTO,FLIP,S,3.47,39,13,13,Dec,11
697,HGH2,2011-12-13,07:22:14.731,1880159,000ZVVTP,FLIP,S,3.47,7,13,13,Dec,11
698,HGH2,2011-12-13,07:27:14.125,1888846,000ZVWF5,SPOOF,B,3.47,32,13,13,Dec,11
699,HGH2,2011-12-13,07:27:14.126,1888847,000ZVWF6,SPOOF,B,3.47,4,13,13,Dec,11
700,HGH2,2011-12-13,07:27:14.128,1888848,000ZVWF7,SPOOF,B,3.47,5,13,13,Dec,11
701,HGH2,2011-12-13,07:27:14.267,1888854,000ZVWF9,SPOOF,B,3.47,35,13,13,Dec,11
702,HGH2,2011-12-13,07:27:14.271,1888855,000ZVWFA,SPOOF,B,3.47,3,13,13,Dec,11
703,HGH2,2011-12-13,07:27:14.300,1888856,000ZVWFB,SPOOF,B,3.47,4,13,13,Dec,11
704,HGH2,2011-12-13,07:27:14.761,1888869,000ZVWFI,FLIP,S,3.47,40,13,13,Dec,11
705,HGH2,2011-12-13,07:27:14.762,1888870,000ZVWFJ,FLIP,S,3.47,4,13,13,Dec,11
706,HGH2,2011-12-13,07:27:17.290,1888985,000ZVWGC,SPOOF,S,3.47,34,13,13,Dec,11
707,HGH2,2011-12-13,07:27:17.292,1888986,000ZVWGD,SPOOF,S,3.47,3,13,13,Dec,11
708,HGH2,2011-12-13,07:27:17.468,1888990,000ZVWGE,SPOOF,S,3.47,47,13,13,Dec,11
709,HGH2,2011-12-13,07:27:17.471,1888991,000ZVWGF,SPOOF,S,3.47,7,13,13,Dec,11
710,HGH2,2011-12-13,07:27:17.501,1888998,000ZVWGG,SPOOF,S,3.47,4,13,13,Dec,11
711,HGH2,2011-12-13,07:27:17.652,1889001,000ZVWGH,SPOOF,S,3.47,35,13,13,Dec,11
712,HGH2,2011-12-13,07:27:17.657,1889002,000ZVWGI,SPOOF,S,3.47,3,13,13,Dec,11
713,HGH2,2011-12-13,07:27:17.658,1889003,000ZVWGJ,SPOOF,S,3.47,4,13,13,Dec,11
714,HGH2,2011-12-13,07:27:18.173,1889029,000ZVWGY,FLIP,B,3.47,38,13,13,Dec,11
715,HGH2,2011-12-13,07:34:51.964,1902093,000ZVXGT,SPOOF,B,3.46,4,13,13,Dec,11
716,HGH2,2011-12-13,07:34:52.091,1902101,000ZVXGU,SPOOF,B,3.46,4,13,13,Dec,11
717,HGH2,2011-12-13,07:34:52.211,1902103,000ZVXGV,SPOOF,B,3.46,4,13,13,Dec,11
718,HGH2,2011-12-13,07:34:52.809,1902121,000ZVXH3,FLIP,S,3.46,34,13,13,Dec,11
719,HGH2,2011-12-13,07:34:56.132,1902319,000ZVXHC,SPOOF,B,3.46,4,13,13,Dec,11
720,HGH2,2011-12-13,07:34:56.308,1902321,000ZVXHD,SPOOF,B,3.46,4,13,13,Dec,11
721,HGH2,2011-12-13,07:34:56.333,1902322,000ZVXHE,SPOOF,B,3.46,8,14,13,Dec,11
722,HGH2,2011-12-13,07:34:56.430,1902336,000ZVXHF,SPOOF,B,3.46,2,14,13,Dec,11
723,HGH2,2011-12-13,07:34:56.443,1902337,000ZVXHG,SPOOF,B,3.46,4,14,13,Dec,11
724,HGH2,2011-12-13,07:34:56.796,1902341,000ZVXHN,FLIP,S,3.46,48,14,13,Dec,11
725,HGH2,2011-12-13,07:35:29.373,1903637,000ZVXKN,SPOOF,B,3.46,4,14,13,Dec,11
726,HGH2,2011-12-13,07:35:29.469,1903638,000ZVXKO,SPOOF,B,3.46,34,14,13,Dec,11
727,HGH2,2011-12-13,07:35:29.472,1903639,000ZVXKP,SPOOF,B,3.46,7,14,13,Dec,11
728,HGH2,2011-12-13,07:35:30.283,1903666,000ZVXKY,FLIP,S,3.46,31,14,13,Dec,11
729,HGH2,2011-12-13,07:41:21.749,1917341,000ZVY8Y,SPOOF,B,3.46,4,14,13,Dec,11
730,HGH2,2011-12-13,07:41:21.874,1917343,000ZVY8Z,SPOOF,B,3.46,4,14,13,Dec,11
731,HGH2,2011-12-13,07:41:21.969,1917345,000ZVY90,SPOOF,B,3.46,4,14,13,Dec,11
732,HGH2,2011-12-13,07:41:22.057,1917347,000ZVY92,SPOOF,B,3.46,41,14,13,Dec,11
733,HGH2,2011-12-13,07:41:22.059,1917348,000ZVY93,SPOOF,B,3.46,4,14,13,Dec,11
734,HGH2,2011-12-13,07:41:22.188,1917350,000ZVY94,SPOOF,B,3.46,4,14,13,Dec,11
735,HGH2,2011-12-13,07:41:22.729,1917424,000ZVY9G,FLIP,S,3.46,42,14,13,Dec,11
736,HGH2,2011-12-13,07:41:27.509,1917548,000ZVYAF,SPOOF,S,3.46,4,14,13,Dec,11
737,HGH2,2011-12-13,07:41:27.624,1917556,000ZVYAG,SPOOF,S,3.46,46,14,13,Dec,11
738,HGH2,2011-12-13,07:41:27.627,1917557,000ZVYAH,SPOOF,S,3.46,7,14,13,Dec,11
739,HGH2,2011-12-13,07:41:28.251,1917578,000ZVYAT,FLIP,B,3.46,39,14,13,Dec,11
740,HGH2,2011-12-13,07:50:02.286,1930856,000ZVZB2,SPOOF,S,3.46,4,14,13,Dec,11
741,HGH2,2011-12-13,07:50:02.497,1930858,000ZVZB3,SPOOF,S,3.46,4,14,13,Dec,11
742,HGH2,2011-12-13,07:50:02.621,1930870,000ZVZB4,SPOOF,S,3.46,43,14,13,Dec,11
743,HGH2,2011-12-13,07:50:02.623,1930871,000ZVZB5,SPOOF,S,3.46,5,14,13,Dec,11
744,HGH2,2011-12-13,07:50:02.717,1930876,000ZVZB6,SPOOF,S,3.46,4,14,13,Dec,11
745,HGH2,2011-12-13,07:50:02.818,1930877,000ZVZB8,SPOOF,S,3.46,38,14,13,Dec,11
746,HGH2,2011-12-13,07:50:02.819,1930878,000ZVZB9,SPOOF,S,3.46,4,14,13,Dec,11
747,HGH2,2011-12-13,07:50:02.821,1930879,000ZVZBA,SPOOF,S,3.46,6,14,13,Dec,11
748,HGH2,2011-12-13,07:50:03.222,1930897,000ZVZBN,FLIP,B,3.46,46,14,13,Dec,11
749,HGH2,2011-12-13,07:50:22.063,1931785,000ZVZFM,SPOOF,S,3.47,4,14,13,Dec,11
750,HGH2,2011-12-13,07:50:22.166,1931786,000ZVZFN,SPOOF,S,3.47,4,14,13,Dec,11
751,HGH2,2011-12-13,07:50:22.174,1931787,000ZVZFO,SPOOF,S,3.47,39,14,13,Dec,11
752,HGH2,2011-12-13,07:50:22.183,1931789,000ZVZFP,SPOOF,S,3.47,3,14,13,Dec,11
753,HGH2,2011-12-13,07:50:22.295,1931791,000ZVZFQ,SPOOF,S,3.47,4,14,13,Dec,11
754,HGH2,2011-12-13,07:50:22.724,1931793,000ZVZG0,FLIP,B,3.47,39,14,13,Dec,11
755,HGH2,2011-12-13,07:50:22.727,1931795,000ZVZG1,FLIP,B,3.47,7,14,13,Dec,11
756,HGH2,2011-12-13,07:50:38.733,1932300,000ZVZK0,SPOOF,B,3.47,36,14,13,Dec,11
757,HGH2,2011-12-13,07:50:38.735,1932301,000ZVZK1,SPOOF,B,3.47,6,14,13,Dec,11
758,HGH2,2011-12-13,07:50:38.747,1932310,000ZVZK2,SPOOF,B,3.47,4,14,13,Dec,11
759,HGH2,2011-12-13,07:50:38.886,1932312,000ZVZK3,SPOOF,B,3.47,4,14,13,Dec,11
760,HGH2,2011-12-13,07:50:38.886,1932313,000ZVZK4,SPOOF,B,3.47,48,14,13,Dec,11
761,HGH2,2011-12-13,07:50:38.889,1932314,000ZVZK5,SPOOF,B,3.47,4,14,13,Dec,11
762,HGH2,2011-12-13,07:50:38.952,1932318,000ZVZK6,SPOOF,B,3.47,6,14,13,Dec,11
763,HGH2,2011-12-13,07:50:38.966,1932320,000ZVZK7,SPOOF,B,3.47,4,14,13,Dec,11
764,HGH2,2011-12-13,07:50:39.340,1932340,000ZVZKI,FLIP,S,3.47,46,14,13,Dec,11
765,HGH2,2011-12-13,07:52:55.218,1936587,000ZVZWX,SPOOF,B,3.47,33,14,13,Dec,11
766,HGH2,2011-12-13,07:52:55.220,1936588,000ZVZWY,SPOOF,B,3.47,3,14,13,Dec,11
767,HGH2,2011-12-13,07:52:55.236,1936591,000ZVZWZ,SPOOF,B,3.47,4,14,13,Dec,11
768,HGH2,2011-12-13,07:52:55.403,1936606,000ZVZX0,SPOOF,B,3.47,38,14,13,Dec,11
769,HGH2,2011-12-13,07:52:55.403,1936607,000ZVZX1,SPOOF,B,3.47,4,14,13,Dec,11
770,HGH2,2011-12-13,07:52:55.405,1936608,000ZVZX2,SPOOF,B,3.47,5,14,13,Dec,11
771,HGH2,2011-12-13,07:52:56.024,1936628,000ZVZXA,FLIP,S,3.47,41,14,13,Dec,11
772,HGH2,2011-12-13,07:52:56.025,1936629,000ZVZXB,FLIP,S,3.47,4,14,13,Dec,11
773,HGH2,2011-12-13,07:52:56.028,1936631,000ZVZXC,FLIP,S,3.47,5,14,13,Dec,11
774,HGH2,2011-12-14,05:55:39.180,3648182,000ZZN0N,SPOOF,S,3.37,4,14,14,Dec,11
775,HGH2,2011-12-14,05:55:39.299,3648187,000ZZN0P,SPOOF,S,3.37,4,14,14,Dec,11
776,HGH2,2011-12-14,05:55:39.334,3648189,000ZZN0Q,SPOOF,S,3.37,36,14,14,Dec,11
777,HGH2,2011-12-14,05:55:40.055,3648205,000ZZN12,FLIP,B,3.37,32,14,14,Dec,11
778,HGH2,2011-12-14,05:55:55.387,3648788,000ZZN3Z,SPOOF,B,3.37,45,14,14,Dec,11
779,HGH2,2011-12-14,05:55:55.389,3648789,000ZZN40,SPOOF,B,3.37,6,14,14,Dec,11
780,HGH2,2011-12-14,05:55:55.407,3648791,000ZZN41,SPOOF,B,3.37,4,14,14,Dec,11
781,HGH2,2011-12-14,05:55:55.527,3648793,000ZZN43,SPOOF,B,3.37,36,15,14,Dec,11
782,HGH2,2011-12-14,05:55:55.527,3648794,000ZZN44,SPOOF,B,3.37,4,15,14,Dec,11
783,HGH2,2011-12-14,05:55:55.529,3648795,000ZZN45,SPOOF,B,3.37,5,15,14,Dec,11
784,HGH2,2011-12-14,05:55:56.305,3648818,000ZZN4F,FLIP,S,3.37,46,15,14,Dec,11
785,HGH2,2011-12-14,05:55:56.305,3648819,000ZZN4G,FLIP,S,3.37,4,15,14,Dec,11
786,HGH2,2011-12-14,05:55:56.308,3648820,000ZZN4H,FLIP,S,3.37,7,15,14,Dec,11
787,HGH2,2011-12-14,05:55:57.742,3648926,000ZZN52,SPOOF,B,3.37,4,15,14,Dec,11
788,HGH2,2011-12-14,05:55:57.743,3648927,000ZZN53,SPOOF,B,3.37,47,15,14,Dec,11
789,HGH2,2011-12-14,05:55:57.745,3648928,000ZZN54,SPOOF,B,3.37,5,15,14,Dec,11
790,HGH2,2011-12-14,05:55:57.854,3648941,000ZZN55,SPOOF,B,3.37,37,15,14,Dec,11
791,HGH2,2011-12-14,05:55:57.856,3648942,000ZZN56,SPOOF,B,3.37,4,15,14,Dec,11
792,HGH2,2011-12-14,05:55:57.858,3648943,000ZZN57,SPOOF,B,3.37,3,15,14,Dec,11
793,HGH2,2011-12-14,05:55:57.960,3648948,000ZZN58,SPOOF,B,3.37,34,15,14,Dec,11
794,HGH2,2011-12-14,05:55:57.961,3648949,000ZZN59,SPOOF,B,3.37,4,15,14,Dec,11
795,HGH2,2011-12-14,05:55:57.962,3648950,000ZZN5A,SPOOF,B,3.37,5,15,14,Dec,11
796,HGH2,2011-12-14,05:55:58.541,3648966,000ZZN5N,FLIP,S,3.37,37,15,14,Dec,11
797,HGH2,2011-12-14,05:55:58.541,3648967,000ZZN5O,FLIP,S,3.37,4,15,14,Dec,11
798,HGH2,2011-12-14,06:28:14.606,3703035,000ZZOVB,SPOOF,B,3.36,40,15,14,Dec,11
799,HGH2,2011-12-14,06:28:14.608,3703036,000ZZOVC,SPOOF,B,3.36,5,15,14,Dec,11
800,HGH2,2011-12-14,06:28:14.615,3703042,000ZZOVD,SPOOF,B,3.36,4,15,14,Dec,11
801,HGH2,2011-12-14,06:28:14.750,3703061,000ZZOVE,SPOOF,B,3.36,48,15,14,Dec,11
802,HGH2,2011-12-14,06:28:14.752,3703062,000ZZOVF,SPOOF,B,3.36,4,15,14,Dec,11
803,HGH2,2011-12-14,06:28:15.516,3703067,000ZZOVR,FLIP,S,3.36,45,15,14,Dec,11
804,HGH2,2011-12-14,06:29:52.853,3705412,000ZZP3G,SPOOF,S,3.35,4,15,14,Dec,11
805,HGH2,2011-12-14,06:29:52.892,3705415,000ZZP3H,SPOOF,S,3.35,47,15,14,Dec,11
806,HGH2,2011-12-14,06:29:52.900,3705418,000ZZP3I,SPOOF,S,3.35,6,15,14,Dec,11
807,HGH2,2011-12-14,06:29:53.050,3705419,000ZZP3K,SPOOF,S,3.35,44,15,14,Dec,11
808,HGH2,2011-12-14,06:29:53.050,3705420,000ZZP3L,SPOOF,S,3.35,4,15,14,Dec,11
809,HGH2,2011-12-14,06:29:53.053,3705421,000ZZP3M,SPOOF,S,3.35,4,15,14,Dec,11
810,HGH2,2011-12-14,06:29:53.543,3705433,000ZZP4E,FLIP,B,3.35,47,15,14,Dec,11
811,HGH2,2011-12-14,07:02:22.881,3765018,000ZZRP7,SPOOF,S,3.36,4,15,14,Dec,11
812,HGH2,2011-12-14,07:02:22.989,3765022,000ZZRP9,SPOOF,S,3.36,44,15,14,Dec,11
813,HGH2,2011-12-14,07:02:22.991,3765023,000ZZRPA,SPOOF,S,3.36,4,15,14,Dec,11
814,HGH2,2011-12-14,07:02:23.007,3765025,000ZZRPB,SPOOF,S,3.36,4,15,14,Dec,11
815,HGH2,2011-12-14,07:02:23.322,3765027,000ZZRPI,FLIP,B,3.36,35,15,14,Dec,11
816,HGH2,2011-12-14,07:02:41.415,3765571,000ZZRQS,SPOOF,B,3.36,44,15,14,Dec,11
817,HGH2,2011-12-14,07:02:41.416,3765572,000ZZRQT,SPOOF,B,3.36,4,15,14,Dec,11
818,HGH2,2011-12-14,07:02:41.427,3765577,000ZZRQU,SPOOF,B,3.36,8,15,14,Dec,11
819,HGH2,2011-12-14,07:02:41.587,3765578,000ZZRQV,SPOOF,B,3.36,47,15,14,Dec,11
820,HGH2,2011-12-14,07:02:41.587,3765579,000ZZRQW,SPOOF,B,3.36,4,15,14,Dec,11
821,HGH2,2011-12-14,07:02:41.591,3765580,000ZZRQX,SPOOF,B,3.36,4,15,14,Dec,11
822,HGH2,2011-12-14,07:02:41.667,3765583,000ZZRQY,SPOOF,B,3.36,7,15,14,Dec,11
823,HGH2,2011-12-14,07:02:42.072,3765586,000ZZRR8,FLIP,S,3.36,35,15,14,Dec,11
824,HGH2,2011-12-14,07:02:42.076,3765588,000ZZRR9,FLIP,S,3.36,7,15,14,Dec,11
825,HGH2,2011-12-14,07:02:45.438,3765649,000ZZRRN,SPOOF,B,3.36,46,15,14,Dec,11
826,HGH2,2011-12-14,07:02:45.439,3765650,000ZZRRO,SPOOF,B,3.36,4,15,14,Dec,11
827,HGH2,2011-12-14,07:02:45.444,3765653,000ZZRRP,SPOOF,B,3.36,5,15,14,Dec,11
828,HGH2,2011-12-14,07:02:45.655,3765658,000ZZRRQ,SPOOF,B,3.36,34,15,14,Dec,11
829,HGH2,2011-12-14,07:02:45.655,3765659,000ZZRRR,SPOOF,B,3.36,4,15,14,Dec,11
830,HGH2,2011-12-14,07:02:45.657,3765660,000ZZRRS,SPOOF,B,3.36,3,15,14,Dec,11
831,HGH2,2011-12-14,07:02:45.976,3765663,000ZZRS2,FLIP,S,3.36,34,15,14,Dec,11
832,HGH2,2011-12-14,07:03:53.469,3768672,000ZZRUW,SPOOF,S,3.35,45,15,14,Dec,11
833,HGH2,2011-12-14,07:03:53.471,3768673,000ZZRUX,SPOOF,S,3.35,4,15,14,Dec,11
834,HGH2,2011-12-14,07:03:53.473,3768674,000ZZRUY,SPOOF,S,3.35,7,15,14,Dec,11
835,HGH2,2011-12-14,07:03:53.978,3768695,000ZZRV5,FLIP,B,3.35,38,15,14,Dec,11
836,HGH2,2011-12-14,07:03:53.981,3768697,000ZZRV6,FLIP,B,3.35,6,15,14,Dec,11
837,HGH2,2011-12-14,07:10:41.493,3784572,000ZZS8H,SPOOF,S,3.35,4,15,14,Dec,11
838,HGH2,2011-12-14,07:10:41.698,3784582,000ZZS8I,SPOOF,S,3.35,46,15,14,Dec,11
839,HGH2,2011-12-14,07:10:41.698,3784583,000ZZS8J,SPOOF,S,3.35,4,15,14,Dec,11
840,HGH2,2011-12-14,07:10:41.700,3784584,000ZZS8K,SPOOF,S,3.35,8,15,14,Dec,11
841,HGH2,2011-12-14,07:10:42.183,3784605,000ZZS8P,FLIP,B,3.35,37,16,14,Dec,11
842,HGH2,2011-12-14,07:42:07.869,3861951,000ZZTAV,SPOOF,B,3.37,43,16,14,Dec,11
843,HGH2,2011-12-14,07:42:07.871,3861952,000ZZTAW,SPOOF,B,3.37,4,16,14,Dec,11
844,HGH2,2011-12-14,07:42:07.871,3861953,000ZZTAX,SPOOF,B,3.37,5,16,14,Dec,11
845,HGH2,2011-12-14,07:42:08.011,3861962,000ZZTAY,SPOOF,B,3.37,39,16,14,Dec,11
846,HGH2,2011-12-14,07:42:08.012,3861963,000ZZTAZ,SPOOF,B,3.37,4,16,14,Dec,11
847,HGH2,2011-12-14,07:42:08.013,3861964,000ZZTB0,SPOOF,B,3.37,3,16,14,Dec,11
848,HGH2,2011-12-14,07:42:08.815,3861989,000ZZTB7,FLIP,S,3.37,42,16,14,Dec,11
849,HGH2,2011-12-14,07:42:08.815,3861990,000ZZTB8,FLIP,S,3.37,4,16,14,Dec,11
850,HGH2,2011-12-14,07:42:08.818,3861991,000ZZTB9,FLIP,S,3.37,3,16,14,Dec,11
851,HGH2,2011-12-14,07:48:29.559,3877084,000ZZTOM,SPOOF,B,3.37,43,16,14,Dec,11
852,HGH2,2011-12-14,07:48:29.562,3877087,000ZZTON,SPOOF,B,3.37,8,16,14,Dec,11
853,HGH2,2011-12-14,07:48:29.695,3877097,000ZZTOO,SPOOF,B,3.37,40,16,14,Dec,11
854,HGH2,2011-12-14,07:48:29.696,3877098,000ZZTOP,SPOOF,B,3.37,4,16,14,Dec,11
855,HGH2,2011-12-14,07:48:29.698,3877099,000ZZTOQ,SPOOF,B,3.37,6,16,14,Dec,11
856,HGH2,2011-12-14,07:48:30.411,3877127,000ZZTOZ,FLIP,S,3.37,34,16,14,Dec,11
857,HGH2,2011-12-14,08:14:48.621,3994343,000ZZWVM,SPOOF,B,3.35,43,16,14,Dec,11
858,HGH2,2011-12-14,08:14:48.622,3994344,000ZZWVN,SPOOF,B,3.35,4,16,14,Dec,11
859,HGH2,2011-12-14,08:14:48.624,3994345,000ZZWVO,SPOOF,B,3.35,4,16,14,Dec,11
860,HGH2,2011-12-14,08:14:49.032,3994353,000ZZWW1,FLIP,S,3.35,35,16,14,Dec,11
861,HGH2,2011-12-14,08:14:53.906,3994522,000ZZWXR,SPOOF,B,3.35,45,16,14,Dec,11
862,HGH2,2011-12-14,08:14:53.908,3994523,000ZZWXS,SPOOF,B,3.35,8,16,14,Dec,11
863,HGH2,2011-12-14,08:14:53.932,3994527,000ZZWXT,SPOOF,B,3.35,4,16,14,Dec,11
864,HGH2,2011-12-14,08:14:54.279,3994533,000ZZWY0,FLIP,S,3.35,38,16,14,Dec,11
865,HGH2,2011-12-14,08:14:54.283,3994535,000ZZWY1,FLIP,S,3.35,6,16,14,Dec,11
866,HGH2,2011-12-14,08:15:19.278,3996042,000ZZX22,SPOOF,S,3.34,44,16,14,Dec,11
867,HGH2,2011-12-14,08:15:19.279,3996043,000ZZX23,SPOOF,S,3.34,4,16,14,Dec,11
868,HGH2,2011-12-14,08:15:19.293,3996045,000ZZX24,SPOOF,S,3.34,6,16,14,Dec,11
869,HGH2,2011-12-14,08:15:19.718,3996056,000ZZX29,FLIP,B,3.34,47,16,14,Dec,11
870,HGH2,2011-12-14,08:15:19.720,3996057,000ZZX2A,FLIP,B,3.34,4,16,14,Dec,11
871,HGH2,2011-12-14,08:15:22.621,3996201,000ZZX30,SPOOF,B,3.34,40,16,14,Dec,11
872,HGH2,2011-12-14,08:15:22.621,3996202,000ZZX31,SPOOF,B,3.34,4,16,14,Dec,11
873,HGH2,2011-12-14,08:15:22.628,3996207,000ZZX32,SPOOF,B,3.34,4,16,14,Dec,11
874,HGH2,2011-12-14,08:15:23.171,3996258,000ZZX3L,FLIP,S,3.34,43,16,14,Dec,11
875,HGH2,2011-12-14,08:15:23.172,3996259,000ZZX3M,FLIP,S,3.34,4,16,14,Dec,11
876,HGH2,2011-12-14,08:15:23.173,3996260,000ZZX3N,FLIP,S,3.34,6,16,14,Dec,11
877,HGH2,2011-12-14,08:46:45.462,4200394,000009JH,SPOOF,B,3.34,4,16,14,Dec,11
878,HGH2,2011-12-14,08:46:45.463,4200395,000009JI,SPOOF,B,3.34,45,16,14,Dec,11
879,HGH2,2011-12-14,08:46:45.464,4200396,000009JJ,SPOOF,B,3.34,8,16,14,Dec,11
880,HGH2,2011-12-14,08:46:46.031,4200406,000009JT,FLIP,S,3.34,45,16,14,Dec,11
881,HGH2,2011-12-14,08:46:49.389,4200654,000009L2,SPOOF,S,3.34,4,16,14,Dec,11
882,HGH2,2011-12-14,08:46:49.394,4200655,000009L3,SPOOF,S,3.34,4,16,14,Dec,11
883,HGH2,2011-12-14,08:46:49.466,4200659,000009L4,SPOOF,S,3.34,4,16,14,Dec,11
884,HGH2,2011-12-14,08:46:49.604,4200662,000009L5,SPOOF,S,3.34,4,16,14,Dec,11
885,HGH2,2011-12-14,08:46:50.108,4200677,000009LG,FLIP,B,3.34,48,16,14,Dec,11
886,HGH2,2011-12-14,08:47:04.597,4201847,000009S0,SPOOF,B,3.34,44,16,14,Dec,11
887,HGH2,2011-12-14,08:47:04.597,4201848,000009S1,SPOOF,B,3.34,4,16,14,Dec,11
888,HGH2,2011-12-14,08:47:04.609,4201854,000009S2,SPOOF,B,3.34,4,16,14,Dec,11
889,HGH2,2011-12-14,08:47:04.909,4201905,000009S4,SPOOF,B,3.34,46,16,14,Dec,11
890,HGH2,2011-12-14,08:47:04.913,4201906,000009S5,SPOOF,B,3.34,4,16,14,Dec,11
891,HGH2,2011-12-14,08:47:04.929,4201908,000009S6,SPOOF,B,3.34,6,16,14,Dec,11
892,HGH2,2011-12-14,08:47:04.953,4201909,000009S7,SPOOF,B,3.34,3,16,14,Dec,11
893,HGH2,2011-12-14,08:47:04.970,4201911,000009S8,SPOOF,B,3.34,4,16,14,Dec,11
894,HGH2,2011-12-14,08:47:04.970,4201912,000009S9,SPOOF,B,3.34,5,16,14,Dec,11
895,HGH2,2011-12-14,08:47:05.424,4202012,000009SR,FLIP,S,3.34,37,16,14,Dec,11
896,HGH2,2011-12-14,08:47:33.496,4205376,00000A27,SPOOF,S,3.34,36,16,14,Dec,11
897,HGH2,2011-12-14,08:47:33.516,4205379,00000A28,SPOOF,S,3.34,7,16,14,Dec,11
898,HGH2,2011-12-14,08:47:33.517,4205380,00000A29,SPOOF,S,3.34,4,16,14,Dec,11
899,HGH2,2011-12-14,08:47:34.180,4205483,00000A2H,FLIP,B,3.34,42,16,14,Dec,11
900,HGH2,2011-12-14,09:07:35.273,4337942,00000K6J,SPOOF,B,3.32,34,16,14,Dec,11
901,HGH2,2011-12-14,09:07:35.278,4337944,00000K6K,SPOOF,B,3.32,4,17,14,Dec,11
902,HGH2,2011-12-14,09:07:35.279,4337945,00000K6L,SPOOF,B,3.32,4,17,14,Dec,11
903,HGH2,2011-12-14,09:07:36.248,4337973,00000K78,FLIP,S,3.32,33,17,14,Dec,11
904,HGH2,2011-12-14,09:07:36.250,4337974,00000K79,FLIP,S,3.32,4,17,14,Dec,11
905,HGH2,2011-12-14,09:11:40.976,4359932,00000MGJ,SPOOF,B,3.32,42,17,14,Dec,11
906,HGH2,2011-12-14,09:11:40.976,4359933,00000MGK,SPOOF,B,3.32,4,17,14,Dec,11
907,HGH2,2011-12-14,09:11:40.978,4359934,00000MGL,SPOOF,B,3.32,4,17,14,Dec,11
908,HGH2,2011-12-14,09:11:41.225,4359973,00000MGV,SPOOF,B,3.32,40,17,14,Dec,11
909,HGH2,2011-12-14,09:11:41.231,4359977,00000MGW,SPOOF,B,3.32,4,17,14,Dec,11
910,HGH2,2011-12-14,09:11:41.233,4359978,00000MGX,SPOOF,B,3.32,3,17,14,Dec,11
911,HGH2,2011-12-14,09:11:41.452,4359986,00000MHD,FLIP,S,3.32,32,17,14,Dec,11
912,HGH2,2011-12-14,09:12:53.507,4365373,00000NE4,SPOOF,S,3.32,37,17,14,Dec,11
913,HGH2,2011-12-14,09:12:53.509,4365374,00000NE5,SPOOF,S,3.32,40,17,14,Dec,11
914,HGH2,2011-12-14,09:12:53.509,4365376,00000NE6,SPOOF,S,3.32,5,17,14,Dec,11
915,HGH2,2011-12-14,09:12:53.509,4365377,00000NE7,SPOOF,S,3.32,4,17,14,Dec,11
916,HGH2,2011-12-14,09:12:53.525,4365381,00000NE9,SPOOF,S,3.32,5,17,14,Dec,11
917,HGH2,2011-12-14,09:12:53.585,4365385,00000NEA,SPOOF,S,3.32,47,17,14,Dec,11
918,HGH2,2011-12-14,09:12:53.590,4365393,00000NEB,SPOOF,S,3.32,6,17,14,Dec,11
919,HGH2,2011-12-14,09:12:53.621,4365406,00000NEC,SPOOF,S,3.32,4,17,14,Dec,11
920,HGH2,2011-12-14,09:12:53.706,4365410,00000NED,SPOOF,S,3.32,3,17,14,Dec,11
921,HGH2,2011-12-14,09:12:53.726,4365412,00000NEE,SPOOF,S,3.32,4,17,14,Dec,11
922,HGH2,2011-12-14,09:12:53.819,4365413,00000NEF,SPOOF,S,3.32,7,17,14,Dec,11
923,HGH2,2011-12-14,09:12:54.228,4365417,00000NFA,FLIP,B,3.32,34,17,14,Dec,11
924,HGH2,2011-12-14,09:20:47.640,4415306,00000SVH,SPOOF,S,3.32,4,17,14,Dec,11
925,HGH2,2011-12-14,09:20:47.790,4415308,00000SVI,SPOOF,S,3.32,4,17,14,Dec,11
926,HGH2,2011-12-14,09:20:47.895,4415316,00000SVJ,SPOOF,S,3.32,37,17,14,Dec,11
927,HGH2,2011-12-14,09:20:47.898,4415317,00000SVK,SPOOF,S,3.32,4,17,14,Dec,11
928,HGH2,2011-12-14,09:20:48.000,4415324,00000SVM,SPOOF,S,3.32,4,17,14,Dec,11
929,HGH2,2011-12-14,09:20:48.114,4415337,00000SVN,SPOOF,S,3.32,46,17,14,Dec,11
930,HGH2,2011-12-14,09:20:48.115,4415338,00000SVO,SPOOF,S,3.32,4,17,14,Dec,11
931,HGH2,2011-12-14,09:20:48.117,4415340,00000SVP,SPOOF,S,3.32,7,17,14,Dec,11
932,HGH2,2011-12-14,09:20:48.542,4415395,00000SW9,FLIP,B,3.32,37,17,14,Dec,11
933,HGH2,2011-12-14,09:20:49.613,4415536,00000SWX,SPOOF,B,3.32,4,17,14,Dec,11
934,HGH2,2011-12-14,09:20:49.758,4415553,00000SWZ,SPOOF,B,3.32,4,17,14,Dec,11
935,HGH2,2011-12-14,09:20:49.829,4415554,00000SX0,SPOOF,B,3.32,44,17,14,Dec,11
936,HGH2,2011-12-14,09:20:49.832,4415555,00000SX1,SPOOF,B,3.32,4,17,14,Dec,11
937,HGH2,2011-12-14,09:20:49.832,4415556,00000SX2,SPOOF,B,3.32,5,17,14,Dec,11
938,HGH2,2011-12-14,09:20:49.913,4415557,00000SX4,SPOOF,B,3.32,46,17,14,Dec,11
939,HGH2,2011-12-14,09:20:49.919,4415560,00000SX5,SPOOF,B,3.32,4,17,14,Dec,11
940,HGH2,2011-12-14,09:20:49.920,4415561,00000SX6,SPOOF,B,3.32,4,17,14,Dec,11
941,HGH2,2011-12-14,09:20:50.018,4415563,00000SX8,SPOOF,B,3.32,7,17,14,Dec,11
942,HGH2,2011-12-14,09:20:50.063,4415569,00000SX9,SPOOF,B,3.32,4,17,14,Dec,11
943,HGH2,2011-12-14,09:20:50.340,4415590,00000SXM,FLIP,S,3.32,39,17,14,Dec,11
944,HGH2,2011-12-14,09:20:52.776,4415802,00000SZE,SPOOF,S,3.32,4,17,14,Dec,11
945,HGH2,2011-12-14,09:20:52.904,4415833,00000SZF,SPOOF,S,3.32,4,17,14,Dec,11
946,HGH2,2011-12-14,09:20:52.995,4415840,00000SZG,SPOOF,S,3.32,4,17,14,Dec,11
947,HGH2,2011-12-14,09:20:53.094,4415850,00000SZI,SPOOF,S,3.32,34,17,14,Dec,11
948,HGH2,2011-12-14,09:20:53.096,4415851,00000SZJ,SPOOF,S,3.32,4,17,14,Dec,11
949,HGH2,2011-12-14,09:20:53.202,4415860,00000SZQ,SPOOF,S,3.32,39,17,14,Dec,11
950,HGH2,2011-12-14,09:20:53.212,4415870,00000SZR,SPOOF,S,3.32,5,17,14,Dec,11
951,HGH2,2011-12-14,09:20:53.213,4415871,00000SZS,SPOOF,S,3.32,4,17,14,Dec,11
952,HGH2,2011-12-14,09:20:53.622,4415932,00000T03,FLIP,B,3.32,36,17,14,Dec,11
953,HGH2,2011-12-14,09:20:55.643,4416109,00000T2Z,SPOOF,B,3.32,44,17,14,Dec,11
954,HGH2,2011-12-14,09:20:55.645,4416110,00000T30,SPOOF,B,3.32,4,17,14,Dec,11
955,HGH2,2011-12-14,09:20:55.646,4416111,00000T31,SPOOF,B,3.32,6,17,14,Dec,11
956,HGH2,2011-12-14,09:20:56.268,4416185,00000T36,FLIP,S,3.32,47,17,14,Dec,11
957,HGH2,2011-12-14,09:22:25.204,4422469,00000TSI,SPOOF,B,3.32,39,17,14,Dec,11
958,HGH2,2011-12-14,09:22:25.218,4422474,00000TSJ,SPOOF,B,3.32,4,17,14,Dec,11
959,HGH2,2011-12-14,09:22:25.221,4422475,00000TSK,SPOOF,B,3.32,4,17,14,Dec,11
960,HGH2,2011-12-14,09:22:25.665,4422489,00000TSQ,FLIP,S,3.32,45,17,14,Dec,11
961,HGH2,2011-12-14,09:26:58.484,4446797,00000UXV,SPOOF,B,3.31,4,18,14,Dec,11
962,HGH2,2011-12-14,09:26:58.541,4446798,00000UXW,SPOOF,B,3.31,36,18,14,Dec,11
963,HGH2,2011-12-14,09:26:58.546,4446800,00000UXX,SPOOF,B,3.31,7,18,14,Dec,11
964,HGH2,2011-12-14,09:26:58.707,4446820,00000UXZ,SPOOF,B,3.31,4,18,14,Dec,11
965,HGH2,2011-12-14,09:26:59.052,4446862,00000UY9,FLIP,S,3.31,47,18,14,Dec,11
966,HGH2,2011-12-14,09:26:59.057,4446866,00000UYA,FLIP,S,3.31,6,18,14,Dec,11
967,HGH2,2011-12-14,09:27:02.486,4447096,00000UYU,SPOOF,S,3.31,4,18,14,Dec,11
968,HGH2,2011-12-14,09:27:02.597,4447100,00000UYV,SPOOF,S,3.31,39,18,14,Dec,11
969,HGH2,2011-12-14,09:27:02.600,4447103,00000UYW,SPOOF,S,3.31,6,18,14,Dec,11
970,HGH2,2011-12-14,09:27:03.046,4447134,00000UZ2,FLIP,B,3.31,46,18,14,Dec,11
971,HGH2,2011-12-14,09:27:03.049,4447135,00000UZ3,FLIP,B,3.31,8,18,14,Dec,11
972,HGH2,2011-12-14,09:27:08.380,4447820,00000V07,SPOOF,B,3.31,42,18,14,Dec,11
973,HGH2,2011-12-14,09:27:08.381,4447821,00000V08,SPOOF,B,3.31,4,18,14,Dec,11
974,HGH2,2011-12-14,09:27:08.383,4447822,00000V09,SPOOF,B,3.31,4,18,14,Dec,11
975,HGH2,2011-12-14,09:27:08.783,4447910,00000V0K,FLIP,S,3.31,35,18,14,Dec,11
976,HGH2,2011-12-14,09:28:49.305,4454525,00000VBQ,SPOOF,S,3.32,4,18,14,Dec,11
977,HGH2,2011-12-14,09:28:49.417,4454527,00000VBR,SPOOF,S,3.32,4,18,14,Dec,11
978,HGH2,2011-12-14,09:28:49.425,4454528,00000VBS,SPOOF,S,3.32,46,18,14,Dec,11
979,HGH2,2011-12-14,09:28:49.432,4454529,00000VBT,SPOOF,S,3.32,5,18,14,Dec,11
980,HGH2,2011-12-14,09:28:49.625,4454535,00000VBV,SPOOF,S,3.32,4,18,14,Dec,11
981,HGH2,2011-12-14,09:28:49.633,4454536,00000VBW,SPOOF,S,3.32,37,18,14,Dec,11
982,HGH2,2011-12-14,09:28:49.636,4454537,00000VBX,SPOOF,S,3.32,4,18,14,Dec,11
983,HGH2,2011-12-14,09:28:49.745,4454559,00000VBY,SPOOF,S,3.32,4,18,14,Dec,11
984,HGH2,2011-12-14,09:28:50.308,4454578,00000VCL,FLIP,B,3.32,38,18,14,Dec,11
985,HGH2,2011-12-14,09:28:52.739,4454704,00000VD0,SPOOF,S,3.32,4,18,14,Dec,11
986,HGH2,2011-12-14,09:28:52.861,4454706,00000VD6,SPOOF,S,3.32,4,18,14,Dec,11
987,HGH2,2011-12-14,09:28:52.962,4454709,00000VDA,SPOOF,S,3.32,4,18,14,Dec,11
988,HGH2,2011-12-14,09:28:53.060,4454710,00000VDD,SPOOF,S,3.32,35,18,14,Dec,11
989,HGH2,2011-12-14,09:28:53.065,4454711,00000VDE,SPOOF,S,3.32,3,18,14,Dec,11
990,HGH2,2011-12-14,09:28:53.178,4454713,00000VDJ,SPOOF,S,3.32,44,18,14,Dec,11
991,HGH2,2011-12-14,09:28:53.190,4454716,00000VDK,SPOOF,S,3.32,8,18,14,Dec,11
992,HGH2,2011-12-14,09:28:53.190,4454717,00000VDL,SPOOF,S,3.32,4,18,14,Dec,11
993,HGH2,2011-12-14,09:28:53.267,4454720,00000VDO,SPOOF,S,3.32,41,18,14,Dec,11
994,HGH2,2011-12-14,09:28:53.287,4454721,00000VDP,SPOOF,S,3.32,4,18,14,Dec,11
995,HGH2,2011-12-14,09:28:53.298,4454722,00000VDQ,SPOOF,S,3.32,4,18,14,Dec,11
996,HGH2,2011-12-14,09:28:53.653,4454741,00000VEA,FLIP,B,3.32,38,18,14,Dec,11
997,HGH2,2011-12-14,09:28:53.658,4454745,00000VEB,FLIP,B,3.32,2,18,14,Dec,11
998,HGH2,2011-12-14,09:41:50.214,4515607,000010UO,SPOOF,S,3.32,42,18,14,Dec,11
999,HGH2,2011-12-14,09:41:50.214,4515608,000010UP,SPOOF,S,3.32,4,18,14,Dec,11
1000,HGH2,2011-12-14,09:41:50.216,4515609,000010UQ,SPOOF,S,3.32,7,18,14,Dec,11
1001,HGH2,2011-12-14,09:41:50.342,4515611,000010UR,SPOOF,S,3.32,42,18,14,Dec,11
1002,HGH2,2011-12-14,09:41:50.342,4515612,000010US,SPOOF,S,3.32,4,18,14,Dec,11
1003,HGH2,2011-12-14,09:41:50.344,4515613,000010UT,SPOOF,S,3.32,3,18,14,Dec,11
1004,HGH2,2011-12-14,09:41:50.755,4515617,000010V3,FLIP,B,3.32,46,18,14,Dec,11
1005,HGH2,2011-12-14,09:41:50.758,4515619,000010V4,FLIP,B,3.32,3,18,14,Dec,11
1006,HGH2,2011-12-14,10:15:01.227,4810112,00001IAM,SPOOF,S,3.27,41,18,14,Dec,11
1007,HGH2,2011-12-14,10:15:01.229,4810113,00001IAN,SPOOF,S,3.27,6,18,14,Dec,11
1008,HGH2,2011-12-14,10:15:01.270,4810120,00001IAO,SPOOF,S,3.27,4,18,14,Dec,11
1009,HGH2,2011-12-14,10:15:01.353,4810125,00001IAP,SPOOF,S,3.27,36,18,14,Dec,11
1010,HGH2,2011-12-14,10:15:01.353,4810126,00001IAQ,SPOOF,S,3.27,4,18,14,Dec,11
1011,HGH2,2011-12-14,10:15:01.355,4810127,00001IAR,SPOOF,S,3.27,7,18,14,Dec,11
1012,HGH2,2011-12-14,10:15:01.763,4810215,00001IB7,FLIP,B,3.27,47,18,14,Dec,11
1013,HGH2,2011-12-14,10:16:02.102,4817693,00001IO1,SPOOF,S,3.28,4,18,14,Dec,11
1014,HGH2,2011-12-14,10:16:02.207,4817702,00001IO2,SPOOF,S,3.28,4,18,14,Dec,11
1015,HGH2,2011-12-14,10:16:02.326,4817711,00001IO4,SPOOF,S,3.28,47,18,14,Dec,11
1016,HGH2,2011-12-14,10:16:02.327,4817712,00001IO5,SPOOF,S,3.28,4,18,14,Dec,11
1017,HGH2,2011-12-14,10:16:02.328,4817713,00001IO6,SPOOF,S,3.28,5,18,14,Dec,11
1018,HGH2,2011-12-14,10:16:02.444,4817720,00001IO7,SPOOF,S,3.28,4,18,14,Dec,11
1019,HGH2,2011-12-14,10:16:02.540,4817744,00001IO8,SPOOF,S,3.28,46,18,14,Dec,11
1020,HGH2,2011-12-14,10:16:02.540,4817745,00001IO9,SPOOF,S,3.28,4,18,14,Dec,11
1021,HGH2,2011-12-14,10:16:02.542,4817746,00001IOA,SPOOF,S,3.28,8,19,14,Dec,11
1022,HGH2,2011-12-14,10:16:03.011,4817779,00001IOX,FLIP,B,3.28,39,19,14,Dec,11
1023,HGH2,2011-12-14,10:17:14.029,4825020,00001J66,SPOOF,B,3.27,4,19,14,Dec,11
1024,HGH2,2011-12-14,10:17:14.207,4825053,00001J6B,SPOOF,B,3.27,4,19,14,Dec,11
1025,HGH2,2011-12-14,10:17:14.306,4825059,00001J6D,SPOOF,B,3.27,47,19,14,Dec,11
1026,HGH2,2011-12-14,10:17:14.308,4825060,00001J6E,SPOOF,B,3.27,7,19,14,Dec,11
1027,HGH2,2011-12-14,10:17:14.344,4825064,00001J6F,SPOOF,B,3.27,38,19,14,Dec,11
1028,HGH2,2011-12-14,10:17:14.346,4825065,00001J6G,SPOOF,B,3.27,7,19,14,Dec,11
1029,HGH2,2011-12-14,10:17:14.754,4825110,00001J6T,FLIP,S,3.27,33,19,14,Dec,11
1030,HGH2,2011-12-14,10:17:18.086,4825256,00001J7O,SPOOF,B,3.27,4,19,14,Dec,11
1031,HGH2,2011-12-14,10:17:18.207,4825258,00001J7P,SPOOF,B,3.27,4,19,14,Dec,11
1032,HGH2,2011-12-14,10:17:18.323,4825267,00001J7R,SPOOF,B,3.27,47,19,14,Dec,11
1033,HGH2,2011-12-14,10:17:18.324,4825268,00001J7S,SPOOF,B,3.27,4,19,14,Dec,11
1034,HGH2,2011-12-14,10:17:18.326,4825269,00001J7T,SPOOF,B,3.27,5,19,14,Dec,11
1035,HGH2,2011-12-14,10:17:18.423,4825278,00001J7V,SPOOF,B,3.27,48,19,14,Dec,11
1036,HGH2,2011-12-14,10:17:18.425,4825279,00001J7W,SPOOF,B,3.27,4,19,14,Dec,11
1037,HGH2,2011-12-14,10:17:18.440,4825281,00001J7X,SPOOF,B,3.27,4,19,14,Dec,11
1038,HGH2,2011-12-14,10:17:18.561,4825285,00001J7Y,SPOOF,B,3.27,44,19,14,Dec,11
1039,HGH2,2011-12-14,10:17:18.561,4825286,00001J7Z,SPOOF,B,3.27,4,19,14,Dec,11
1040,HGH2,2011-12-14,10:17:18.563,4825287,00001J80,SPOOF,B,3.27,4,19,14,Dec,11
1041,HGH2,2011-12-14,10:17:18.866,4825324,00001J8J,FLIP,S,3.27,41,19,14,Dec,11
1042,HGH2,2011-12-14,10:17:23.815,4825783,00001JAV,SPOOF,S,3.27,41,19,14,Dec,11
1043,HGH2,2011-12-14,10:17:23.842,4825785,00001JAW,SPOOF,S,3.27,4,19,14,Dec,11
1044,HGH2,2011-12-14,10:17:23.843,4825786,00001JAX,SPOOF,S,3.27,4,19,14,Dec,11
1045,HGH2,2011-12-14,10:17:23.967,4825797,00001JAY,SPOOF,S,3.27,47,19,14,Dec,11
1046,HGH2,2011-12-14,10:17:23.967,4825798,00001JAZ,SPOOF,S,3.27,4,19,14,Dec,11
1047,HGH2,2011-12-14,10:17:23.969,4825799,00001JB0,SPOOF,S,3.27,6,19,14,Dec,11
1048,HGH2,2011-12-14,10:17:24.046,4825800,00001JB1,SPOOF,S,3.27,39,19,14,Dec,11
1049,HGH2,2011-12-14,10:17:24.048,4825801,00001JB2,SPOOF,S,3.27,6,19,14,Dec,11
1050,HGH2,2011-12-14,10:17:24.053,4825802,00001JB3,SPOOF,S,3.27,4,19,14,Dec,11
1051,HGH2,2011-12-14,10:17:24.550,4825841,00001JBO,FLIP,B,3.27,41,19,14,Dec,11
1052,HGH2,2011-12-14,10:17:24.552,4825842,00001JBP,FLIP,B,3.27,7,19,14,Dec,11
1053,HGH2,2011-12-14,10:19:40.839,4843605,00001KKJ,SPOOF,B,3.27,48,19,14,Dec,11
1054,HGH2,2011-12-14,10:19:40.841,4843606,00001KKK,SPOOF,B,3.27,4,19,14,Dec,11
1055,HGH2,2011-12-14,10:19:40.880,4843611,00001KKL,SPOOF,B,3.27,4,19,14,Dec,11
1056,HGH2,2011-12-14,10:19:40.957,4843616,00001KKM,SPOOF,B,3.27,3,19,14,Dec,11
1057,HGH2,2011-12-14,10:19:41.259,4843627,00001KKR,FLIP,S,3.27,34,19,14,Dec,11
1058,HGH2,2011-12-14,10:19:41.262,4843628,00001KKS,FLIP,S,3.27,5,19,14,Dec,11
1059,HGH2,2011-12-14,10:21:13.234,4855691,00001LM8,SPOOF,S,3.26,4,19,14,Dec,11
1060,HGH2,2011-12-14,10:21:13.246,4855692,00001LMA,SPOOF,S,3.26,43,19,14,Dec,11
1061,HGH2,2011-12-14,10:21:13.247,4855693,00001LMB,SPOOF,S,3.26,4,19,14,Dec,11
1062,HGH2,2011-12-14,10:21:13.248,4855694,00001LMC,SPOOF,S,3.26,6,19,14,Dec,11
1063,HGH2,2011-12-14,10:21:13.370,4855748,00001LME,SPOOF,S,3.26,4,19,14,Dec,11
1064,HGH2,2011-12-14,10:21:14.121,4855841,00001LMP,FLIP,B,3.26,49,19,14,Dec,11
1065,HGH2,2011-12-14,10:23:06.266,4877046,00001MNT,SPOOF,S,3.26,4,19,14,Dec,11
1066,HGH2,2011-12-14,10:23:06.446,4877061,00001MNU,SPOOF,S,3.26,4,19,14,Dec,11
1067,HGH2,2011-12-14,10:23:06.535,4877063,00001MNZ,SPOOF,S,3.26,4,19,14,Dec,11
1068,HGH2,2011-12-14,10:23:06.624,4877069,00001MO2,SPOOF,S,3.26,4,19,14,Dec,11
1069,HGH2,2011-12-14,10:23:06.626,4877070,00001MO3,SPOOF,S,3.26,39,19,14,Dec,11
1070,HGH2,2011-12-14,10:23:07.266,4877097,00001MOV,FLIP,B,3.26,47,19,14,Dec,11
1071,HGH2,2011-12-14,10:23:10.642,4877627,00001MQK,SPOOF,B,3.26,4,19,14,Dec,11
1072,HGH2,2011-12-14,10:23:10.781,4877637,00001MQV,SPOOF,B,3.26,43,19,14,Dec,11
1073,HGH2,2011-12-14,10:23:10.784,4877638,00001MQW,SPOOF,B,3.26,6,19,14,Dec,11
1074,HGH2,2011-12-14,10:23:11.444,4877720,00001MR5,FLIP,S,3.26,45,19,14,Dec,11
1075,HGH2,2011-12-14,10:23:13.415,4877937,00001MRQ,SPOOF,S,3.26,4,19,14,Dec,11
1076,HGH2,2011-12-14,10:23:13.512,4877951,00001MRR,SPOOF,S,3.26,4,19,14,Dec,11
1077,HGH2,2011-12-14,10:23:13.635,4877964,00001MRT,SPOOF,S,3.26,4,19,14,Dec,11
1078,HGH2,2011-12-14,10:23:13.734,4877969,00001MRU,SPOOF,S,3.26,4,19,14,Dec,11
1079,HGH2,2011-12-14,10:23:13.747,4877971,00001MRV,SPOOF,S,3.26,37,19,14,Dec,11
1080,HGH2,2011-12-14,10:23:13.750,4877972,00001MRW,SPOOF,S,3.26,5,19,14,Dec,11
1081,HGH2,2011-12-14,10:23:13.827,4877973,00001MRX,SPOOF,S,3.26,42,20,14,Dec,11
1082,HGH2,2011-12-14,10:23:13.829,4877974,00001MRY,SPOOF,S,3.26,6,20,14,Dec,11
1083,HGH2,2011-12-14,10:23:13.877,4877976,00001MRZ,SPOOF,S,3.26,4,20,14,Dec,11
1084,HGH2,2011-12-14,10:23:13.955,4877977,00001MS0,SPOOF,S,3.26,49,20,14,Dec,11
1085,HGH2,2011-12-14,10:23:13.957,4877978,00001MS1,SPOOF,S,3.26,4,20,14,Dec,11
1086,HGH2,2011-12-14,10:23:13.970,4877979,00001MS2,SPOOF,S,3.26,4,20,14,Dec,11
1087,HGH2,2011-12-14,10:23:14.323,4878045,00001MSI,FLIP,B,3.26,36,20,14,Dec,11
1088,HGH2,2011-12-14,10:25:47.806,4896643,00001ODU,SPOOF,S,3.26,4,20,14,Dec,11
1089,HGH2,2011-12-14,10:25:47.940,4896710,00001ODV,SPOOF,S,3.26,4,20,14,Dec,11
1090,HGH2,2011-12-14,10:25:48.056,4896723,00001ODW,SPOOF,S,3.26,4,20,14,Dec,11
1091,HGH2,2011-12-14,10:25:48.187,4896746,00001ODY,SPOOF,S,3.26,4,20,14,Dec,11
1092,HGH2,2011-12-14,10:25:48.305,4896754,00001ODZ,SPOOF,S,3.26,33,20,14,Dec,11
1093,HGH2,2011-12-14,10:25:48.305,4896755,00001OE0,SPOOF,S,3.26,4,20,14,Dec,11
1094,HGH2,2011-12-14,10:25:48.308,4896756,00001OE1,SPOOF,S,3.26,4,20,14,Dec,11
1095,HGH2,2011-12-14,10:25:48.791,4896784,00001OEJ,FLIP,B,3.26,42,20,14,Dec,11
1096,HGH2,2011-12-14,10:25:51.183,4896998,00001OF2,SPOOF,S,3.26,4,20,14,Dec,11
1097,HGH2,2011-12-14,10:25:51.301,4897007,00001OF3,SPOOF,S,3.26,4,20,14,Dec,11
1098,HGH2,2011-12-14,10:25:51.422,4897011,00001OF4,SPOOF,S,3.26,4,20,14,Dec,11
1099,HGH2,2011-12-14,10:25:51.544,4897013,00001OFC,SPOOF,S,3.26,4,20,14,Dec,11
1100,HGH2,2011-12-14,10:25:51.623,4897014,00001OFD,SPOOF,S,3.26,33,20,14,Dec,11
1101,HGH2,2011-12-14,10:25:51.625,4897015,00001OFE,SPOOF,S,3.26,5,20,14,Dec,11
1102,HGH2,2011-12-14,10:25:51.727,4897034,00001OFF,SPOOF,S,3.26,34,20,14,Dec,11
1103,HGH2,2011-12-14,10:25:51.734,4897041,00001OFH,SPOOF,S,3.26,3,20,14,Dec,11
1104,HGH2,2011-12-14,10:25:51.738,4897042,00001OFI,SPOOF,S,3.26,4,20,14,Dec,11
1105,HGH2,2011-12-14,10:25:52.131,4897091,00001OG8,FLIP,B,3.26,37,20,14,Dec,11
1106,HGH2,2011-12-14,10:27:06.488,4905354,00001PB9,SPOOF,S,3.27,4,20,14,Dec,11
1107,HGH2,2011-12-14,10:27:06.617,4905359,00001PBA,SPOOF,S,3.26,4,20,14,Dec,11
1108,HGH2,2011-12-14,10:27:06.716,4905361,00001PBB,SPOOF,S,3.26,4,20,14,Dec,11
1109,HGH2,2011-12-14,10:27:06.740,4905362,00001PBC,SPOOF,S,3.26,49,20,14,Dec,11
1110,HGH2,2011-12-14,10:27:06.742,4905363,00001PBD,SPOOF,S,3.26,5,20,14,Dec,11
1111,HGH2,2011-12-14,10:27:06.919,4905388,00001PBK,SPOOF,S,3.26,39,20,14,Dec,11
1112,HGH2,2011-12-14,10:27:06.924,4905391,00001PBL,SPOOF,S,3.26,7,20,14,Dec,11
1113,HGH2,2011-12-14,10:27:06.926,4905392,00001PBM,SPOOF,S,3.26,4,20,14,Dec,11
1114,HGH2,2011-12-14,10:27:07.032,4905398,00001PBN,SPOOF,S,3.26,44,20,14,Dec,11
1115,HGH2,2011-12-14,10:27:07.035,4905399,00001PBO,SPOOF,S,3.26,5,20,14,Dec,11
1116,HGH2,2011-12-14,10:27:07.436,4905421,00001PCA,FLIP,B,3.27,46,20,14,Dec,11
1117,HGH2,2011-12-14,10:27:15.244,4906052,00001PF1,SPOOF,S,3.27,4,20,14,Dec,11
1118,HGH2,2011-12-14,10:27:15.374,4906055,00001PF3,SPOOF,S,3.27,4,20,14,Dec,11
1119,HGH2,2011-12-14,10:27:15.455,4906057,00001PF4,SPOOF,S,3.27,47,20,14,Dec,11
1120,HGH2,2011-12-14,10:27:15.457,4906058,00001PF5,SPOOF,S,3.27,6,20,14,Dec,11
1121,HGH2,2011-12-14,10:27:15.655,4906078,00001PF6,SPOOF,S,3.27,46,20,14,Dec,11
1122,HGH2,2011-12-14,10:27:15.657,4906079,00001PF7,SPOOF,S,3.27,3,20,14,Dec,11
1123,HGH2,2011-12-14,10:27:15.695,4906086,00001PF8,SPOOF,S,3.27,4,20,14,Dec,11
1124,HGH2,2011-12-14,10:27:15.931,4906127,00001PFG,SPOOF,S,3.27,45,20,14,Dec,11
1125,HGH2,2011-12-14,10:27:15.936,4906128,00001PFH,SPOOF,S,3.27,4,20,14,Dec,11
1126,HGH2,2011-12-14,10:27:15.938,4906129,00001PFI,SPOOF,S,3.27,4,20,14,Dec,11
1127,HGH2,2011-12-14,10:27:16.193,4906163,00001PFX,FLIP,B,3.27,48,20,14,Dec,11
1128,HGH2,2011-12-14,10:27:16.197,4906170,00001PFY,FLIP,B,3.27,6,20,14,Dec,11
1129,HGH2,2011-12-14,10:28:31.910,4912711,00001QES,SPOOF,S,3.26,36,20,14,Dec,11
1130,HGH2,2011-12-14,10:28:31.912,4912713,00001QET,SPOOF,S,3.26,6,20,14,Dec,11
1131,HGH2,2011-12-14,10:28:31.932,4912719,00001QEU,SPOOF,S,3.26,4,20,14,Dec,11
1132,HGH2,2011-12-14,10:28:32.031,4912729,00001QEV,SPOOF,S,3.26,34,20,14,Dec,11
1133,HGH2,2011-12-14,10:28:32.042,4912731,00001QEW,SPOOF,S,3.26,3,20,14,Dec,11
1134,HGH2,2011-12-14,10:28:32.043,4912732,00001QEX,SPOOF,S,3.26,4,20,14,Dec,11
1135,HGH2,2011-12-14,10:28:32.466,4912744,00001QF7,FLIP,B,3.26,37,20,14,Dec,11
1136,HGH2,2011-12-14,10:28:34.562,4912903,00001QG4,SPOOF,S,3.27,46,20,14,Dec,11
1137,HGH2,2011-12-14,10:28:34.566,4912904,00001QG5,SPOOF,S,3.27,4,20,14,Dec,11
1138,HGH2,2011-12-14,10:28:34.566,4912905,00001QG6,SPOOF,S,3.27,6,20,14,Dec,11
1139,HGH2,2011-12-14,10:28:34.658,4912915,00001QG7,SPOOF,S,3.27,4,20,14,Dec,11
1140,HGH2,2011-12-14,10:28:34.658,4912916,00001QG8,SPOOF,S,3.27,36,20,14,Dec,11
1141,HGH2,2011-12-14,10:28:34.660,4912917,00001QG9,SPOOF,S,3.27,3,21,14,Dec,11
1142,HGH2,2011-12-14,10:28:34.795,4912922,00001QGA,SPOOF,S,3.27,4,21,14,Dec,11
1143,HGH2,2011-12-14,10:28:34.795,4912923,00001QGB,SPOOF,S,3.27,4,21,14,Dec,11
1144,HGH2,2011-12-14,10:28:35.475,4913018,00001QGQ,FLIP,B,3.27,39,21,14,Dec,11
1145,HGH2,2011-12-14,10:41:55.123,4974843,00001Y2N,SPOOF,B,3.27,4,21,14,Dec,11
1146,HGH2,2011-12-14,10:41:55.330,4974854,00001Y2P,SPOOF,B,3.27,4,21,14,Dec,11
1147,HGH2,2011-12-14,10:41:55.452,4974859,00001Y2Q,SPOOF,B,3.27,4,21,14,Dec,11
1148,HGH2,2011-12-14,10:41:55.452,4974860,00001Y2R,SPOOF,B,3.27,48,21,14,Dec,11
1149,HGH2,2011-12-14,10:41:55.454,4974861,00001Y2S,SPOOF,B,3.27,4,21,14,Dec,11
1150,HGH2,2011-12-14,10:41:55.594,4974884,00001Y2T,SPOOF,B,3.27,39,21,14,Dec,11
1151,HGH2,2011-12-14,10:41:55.595,4974885,00001Y2U,SPOOF,B,3.27,4,21,14,Dec,11
1152,HGH2,2011-12-14,10:41:55.596,4974886,00001Y2V,SPOOF,B,3.27,5,21,14,Dec,11
1153,HGH2,2011-12-14,10:41:55.640,4974892,00001Y2W,SPOOF,B,3.27,37,21,14,Dec,11
1154,HGH2,2011-12-14,10:41:55.642,4974893,00001Y2X,SPOOF,B,3.27,4,21,14,Dec,11
1155,HGH2,2011-12-14,10:41:56.034,4974899,00001Y3F,FLIP,S,3.27,38,21,14,Dec,11
1156,HGH2,2011-12-14,10:46:07.809,4991925,00002081,SPOOF,S,3.26,4,21,14,Dec,11
1157,HGH2,2011-12-14,10:46:07.813,4991926,00002082,SPOOF,S,3.26,4,21,14,Dec,11
1158,HGH2,2011-12-14,10:46:07.891,4991932,00002083,SPOOF,S,3.26,4,21,14,Dec,11
1159,HGH2,2011-12-14,10:46:08.022,4991935,00002086,SPOOF,S,3.26,4,21,14,Dec,11
1160,HGH2,2011-12-14,10:46:08.612,4991999,0000208T,FLIP,B,3.26,39,21,14,Dec,11
1161,HGH2,2011-12-14,10:50:29.500,5012896,00002257,SPOOF,B,3.27,33,21,14,Dec,11
1162,HGH2,2011-12-14,10:50:29.502,5012897,00002258,SPOOF,B,3.27,4,21,14,Dec,11
1163,HGH2,2011-12-14,10:50:29.521,5012900,00002259,SPOOF,B,3.27,4,21,14,Dec,11
1164,HGH2,2011-12-14,10:50:29.649,5012902,0000225B,SPOOF,B,3.27,4,21,14,Dec,11
1165,HGH2,2011-12-14,10:50:29.649,5012903,0000225C,SPOOF,B,3.27,34,21,14,Dec,11
1166,HGH2,2011-12-14,10:50:29.651,5012904,0000225D,SPOOF,B,3.27,4,21,14,Dec,11
1167,HGH2,2011-12-14,10:50:30.070,5012940,0000225L,FLIP,S,3.27,38,21,14,Dec,11
1168,HGH2,2011-12-14,10:50:30.072,5012941,0000225M,FLIP,S,3.27,2,21,14,Dec,11
1169,HGH2,2011-12-14,10:50:36.132,5013942,0000227A,SPOOF,S,3.27,4,21,14,Dec,11
1170,HGH2,2011-12-14,10:50:36.253,5013944,0000227C,SPOOF,S,3.27,4,21,14,Dec,11
1171,HGH2,2011-12-14,10:50:36.371,5013947,0000227D,SPOOF,S,3.27,4,21,14,Dec,11
1172,HGH2,2011-12-14,10:50:36.441,5013949,0000227J,SPOOF,S,3.27,4,21,14,Dec,11
1173,HGH2,2011-12-14,10:50:36.469,5013955,0000227K,SPOOF,S,3.27,43,21,14,Dec,11
1174,HGH2,2011-12-14,10:50:36.471,5013958,0000227L,SPOOF,S,3.27,3,21,14,Dec,11
1175,HGH2,2011-12-14,10:50:36.564,5013970,0000227S,SPOOF,S,3.27,44,21,14,Dec,11
1176,HGH2,2011-12-14,10:50:36.564,5013971,0000227T,SPOOF,S,3.27,4,21,14,Dec,11
1177,HGH2,2011-12-14,10:50:36.566,5013972,0000227U,SPOOF,S,3.27,6,21,14,Dec,11
1178,HGH2,2011-12-14,10:50:36.669,5014000,0000227V,SPOOF,S,3.27,44,21,14,Dec,11
1179,HGH2,2011-12-14,10:50:36.671,5014001,0000227W,SPOOF,S,3.27,5,21,14,Dec,11
1180,HGH2,2011-12-14,10:50:37.030,5014051,0000228D,FLIP,B,3.27,36,21,14,Dec,11
1181,HGH2,2011-12-14,10:50:37.031,5014052,0000228E,FLIP,B,3.27,6,21,14,Dec,11
1182,HGH2,2011-12-14,10:51:57.371,5019312,000022JH,SPOOF,B,3.27,4,21,14,Dec,11
1183,HGH2,2011-12-14,10:51:57.553,5019322,000022JM,SPOOF,B,3.27,4,21,14,Dec,11
1184,HGH2,2011-12-14,10:51:57.658,5019344,000022JN,SPOOF,B,3.27,4,21,14,Dec,11
1185,HGH2,2011-12-14,10:51:57.697,5019345,000022JO,SPOOF,B,3.27,42,21,14,Dec,11
1186,HGH2,2011-12-14,10:51:57.699,5019346,000022JP,SPOOF,B,3.27,6,21,14,Dec,11
1187,HGH2,2011-12-14,10:51:58.299,5019389,000022K0,FLIP,S,3.27,32,21,14,Dec,11
1188,HGH2,2011-12-14,10:51:59.162,5019456,000022K6,SPOOF,S,3.27,4,21,14,Dec,11
1189,HGH2,2011-12-14,10:51:59.250,5019461,000022K8,SPOOF,S,3.27,4,21,14,Dec,11
1190,HGH2,2011-12-14,10:51:59.355,5019474,000022K9,SPOOF,S,3.27,4,21,14,Dec,11
1191,HGH2,2011-12-14,10:51:59.507,5019495,000022KB,SPOOF,S,3.27,4,21,14,Dec,11
1192,HGH2,2011-12-14,10:51:59.569,5019503,000022KC,SPOOF,S,3.27,34,21,14,Dec,11
1193,HGH2,2011-12-14,10:51:59.569,5019504,000022KD,SPOOF,S,3.27,4,21,14,Dec,11
1194,HGH2,2011-12-14,10:51:59.571,5019507,000022KE,SPOOF,S,3.27,5,21,14,Dec,11
1195,HGH2,2011-12-14,10:52:00.125,5019556,000022KQ,FLIP,B,3.27,46,21,14,Dec,11
1196,HGH2,2011-12-14,10:52:00.129,5019564,000022KR,FLIP,B,3.27,7,21,14,Dec,11
1197,HGH2,2011-12-14,10:52:05.417,5019845,000022LN,SPOOF,B,3.27,4,21,14,Dec,11
1198,HGH2,2011-12-14,10:52:05.614,5019857,000022LO,SPOOF,B,3.27,4,21,14,Dec,11
1199,HGH2,2011-12-14,10:52:05.695,5019861,000022LP,SPOOF,B,3.27,4,21,14,Dec,11
1200,HGH2,2011-12-14,10:52:05.725,5019863,000022LQ,SPOOF,B,3.27,41,21,14,Dec,11
1201,HGH2,2011-12-14,10:52:05.727,5019864,000022LR,SPOOF,B,3.27,6,22,14,Dec,11
1202,HGH2,2011-12-14,10:52:05.888,5019936,000022LT,SPOOF,B,3.27,42,22,14,Dec,11
1203,HGH2,2011-12-14,10:52:05.904,5019943,000022LU,SPOOF,B,3.27,4,22,14,Dec,11
1204,HGH2,2011-12-14,10:52:05.906,5019944,000022LV,SPOOF,B,3.27,6,22,14,Dec,11
1205,HGH2,2011-12-14,10:52:06.355,5019978,000022MD,FLIP,S,3.27,38,22,14,Dec,11
1206,HGH2,2011-12-14,10:52:06.356,5019979,000022ME,FLIP,S,3.27,2,22,14,Dec,11
1207,HGH2,2011-12-14,10:52:10.337,5020216,000022N5,SPOOF,B,3.27,39,22,14,Dec,11
1208,HGH2,2011-12-14,10:52:10.339,5020217,000022N6,SPOOF,B,3.27,3,22,14,Dec,11
1209,HGH2,2011-12-14,10:52:10.353,5020221,000022N7,SPOOF,B,3.27,4,22,14,Dec,11
1210,HGH2,2011-12-14,10:52:10.506,5020235,000022NB,SPOOF,B,3.27,42,22,14,Dec,11
1211,HGH2,2011-12-14,10:52:10.506,5020236,000022NC,SPOOF,B,3.27,4,22,14,Dec,11
1212,HGH2,2011-12-14,10:52:10.508,5020237,000022ND,SPOOF,B,3.27,5,22,14,Dec,11
1213,HGH2,2011-12-14,10:52:10.612,5020241,000022NE,SPOOF,B,3.27,39,22,14,Dec,11
1214,HGH2,2011-12-14,10:52:10.615,5020242,000022NF,SPOOF,B,3.27,4,22,14,Dec,11
1215,HGH2,2011-12-14,10:52:11.205,5020260,000022NO,FLIP,S,3.27,40,22,14,Dec,11
1216,HGH2,2011-12-14,10:52:28.684,5021591,000022TP,SPOOF,S,3.27,4,22,14,Dec,11
1217,HGH2,2011-12-14,10:52:28.794,5021599,000022TQ,SPOOF,S,3.27,4,22,14,Dec,11
1218,HGH2,2011-12-14,10:52:28.906,5021603,000022TR,SPOOF,S,3.27,4,22,14,Dec,11
1219,HGH2,2011-12-14,10:52:28.941,5021615,000022TS,SPOOF,S,3.27,35,22,14,Dec,11
1220,HGH2,2011-12-14,10:52:28.944,5021616,000022TT,SPOOF,S,3.27,4,22,14,Dec,11
1221,HGH2,2011-12-14,10:52:29.532,5021711,000022UE,FLIP,B,3.27,34,22,14,Dec,11
1222,HGH2,2011-12-14,10:52:32.176,5021930,000022UQ,SPOOF,B,3.27,4,22,14,Dec,11
1223,HGH2,2011-12-14,10:52:32.267,5021933,000022UR,SPOOF,B,3.27,4,22,14,Dec,11
1224,HGH2,2011-12-14,10:52:32.382,5021962,000022UU,SPOOF,B,3.27,4,22,14,Dec,11
1225,HGH2,2011-12-14,10:52:32.473,5021966,000022UV,SPOOF,B,3.27,4,22,14,Dec,11
1226,HGH2,2011-12-14,10:52:32.609,5021986,000022UW,SPOOF,B,3.27,36,22,14,Dec,11
1227,HGH2,2011-12-14,10:52:32.609,5021987,000022UX,SPOOF,B,3.27,4,22,14,Dec,11
1228,HGH2,2011-12-14,10:52:32.616,5021989,000022UY,SPOOF,B,3.27,6,22,14,Dec,11
1229,HGH2,2011-12-14,10:52:32.695,5021999,000022UZ,SPOOF,B,3.27,39,22,14,Dec,11
1230,HGH2,2011-12-14,10:52:32.697,5022000,000022V0,SPOOF,B,3.27,4,22,14,Dec,11
1231,HGH2,2011-12-14,10:52:32.721,5022006,000022V1,SPOOF,B,3.27,4,22,14,Dec,11
1232,HGH2,2011-12-14,10:52:32.802,5022010,000022V2,SPOOF,B,3.27,34,22,14,Dec,11
1233,HGH2,2011-12-14,10:52:33.171,5022035,000022VM,FLIP,S,3.27,38,22,14,Dec,11
1234,HGH2,2011-12-14,10:52:36.306,5022193,000022W8,SPOOF,S,3.27,4,22,14,Dec,11
1235,HGH2,2011-12-14,10:52:36.434,5022209,000022W9,SPOOF,S,3.27,4,22,14,Dec,11
1236,HGH2,2011-12-14,10:52:36.563,5022219,000022WC,SPOOF,S,3.27,4,22,14,Dec,11
1237,HGH2,2011-12-14,10:52:36.666,5022236,000022WD,SPOOF,S,3.27,4,22,14,Dec,11
1238,HGH2,2011-12-14,10:52:36.689,5022238,000022WE,SPOOF,S,3.27,37,22,14,Dec,11
1239,HGH2,2011-12-14,10:52:36.691,5022239,000022WF,SPOOF,S,3.27,4,22,14,Dec,11
1240,HGH2,2011-12-14,10:52:37.255,5022257,000022X5,FLIP,B,3.27,34,22,14,Dec,11
1241,HGH2,2011-12-14,11:00:40.936,5054729,0000265M,SPOOF,B,3.27,4,22,14,Dec,11
1242,HGH2,2011-12-14,11:00:41.020,5054731,0000265N,SPOOF,B,3.27,4,22,14,Dec,11
1243,HGH2,2011-12-14,11:00:41.115,5054735,0000265O,SPOOF,B,3.27,37,22,14,Dec,11
1244,HGH2,2011-12-14,11:00:41.118,5054736,0000265P,SPOOF,B,3.27,6,22,14,Dec,11
1245,HGH2,2011-12-14,11:00:41.226,5054751,0000265Q,SPOOF,B,3.27,4,22,14,Dec,11
1246,HGH2,2011-12-14,11:00:41.323,5054754,0000265R,SPOOF,B,3.27,32,22,14,Dec,11
1247,HGH2,2011-12-14,11:00:41.328,5054758,0000265S,SPOOF,B,3.27,5,22,14,Dec,11
1248,HGH2,2011-12-14,11:00:41.330,5054761,0000265T,SPOOF,B,3.27,4,22,14,Dec,11
1249,HGH2,2011-12-14,11:00:41.825,5054815,00002664,FLIP,S,3.27,41,22,14,Dec,11
1250,HGH2,2011-12-14,11:00:41.828,5054819,00002665,FLIP,S,3.27,3,22,14,Dec,11
1251,HGH2,2011-12-14,11:00:44.595,5055094,0000266V,SPOOF,S,3.27,4,22,14,Dec,11
1252,HGH2,2011-12-14,11:00:44.692,5055101,0000266W,SPOOF,S,3.27,4,22,14,Dec,11
1253,HGH2,2011-12-14,11:00:44.803,5055109,00002670,SPOOF,S,3.27,4,22,14,Dec,11
1254,HGH2,2011-12-14,11:00:44.910,5055117,00002671,SPOOF,S,3.27,37,22,14,Dec,11
1255,HGH2,2011-12-14,11:00:44.910,5055118,00002672,SPOOF,S,3.27,4,22,14,Dec,11
1256,HGH2,2011-12-14,11:00:44.912,5055119,00002673,SPOOF,S,3.27,6,22,14,Dec,11
1257,HGH2,2011-12-14,11:00:45.028,5055122,00002678,SPOOF,S,3.27,47,22,14,Dec,11
1258,HGH2,2011-12-14,11:00:45.029,5055123,00002679,SPOOF,S,3.27,4,22,14,Dec,11
1259,HGH2,2011-12-14,11:00:45.031,5055124,0000267A,SPOOF,S,3.27,5,22,14,Dec,11
1260,HGH2,2011-12-14,11:00:45.133,5055131,0000267B,SPOOF,S,3.27,6,22,14,Dec,11
1261,HGH2,2011-12-14,11:00:45.166,5055132,0000267C,SPOOF,S,3.27,4,23,14,Dec,11
1262,HGH2,2011-12-14,11:00:45.553,5055159,0000267X,FLIP,B,3.27,42,23,14,Dec,11
1263,HGH2,2011-12-14,11:06:20.503,5078526,00002935,SPOOF,S,3.27,4,23,14,Dec,11
1264,HGH2,2011-12-14,11:06:20.503,5078527,00002936,SPOOF,S,3.27,44,23,14,Dec,11
1265,HGH2,2011-12-14,11:06:20.508,5078528,00002937,SPOOF,S,3.27,3,23,14,Dec,11
1266,HGH2,2011-12-14,11:06:20.688,5078533,00002938,SPOOF,S,3.27,41,23,14,Dec,11
1267,HGH2,2011-12-14,11:06:20.691,5078534,00002939,SPOOF,S,3.27,4,23,14,Dec,11
1268,HGH2,2011-12-14,11:06:20.691,5078535,0000293A,SPOOF,S,3.27,6,23,14,Dec,11
1269,HGH2,2011-12-14,11:06:21.305,5078555,0000293L,FLIP,B,3.27,37,23,14,Dec,11
1270,HGH2,2011-12-14,11:06:21.309,5078559,0000293M,FLIP,B,3.27,5,23,14,Dec,11
1271,HGH2,2011-12-14,11:06:26.395,5079086,0000295V,SPOOF,S,3.27,4,23,14,Dec,11
1272,HGH2,2011-12-14,11:06:26.506,5079090,0000295X,SPOOF,S,3.27,4,23,14,Dec,11
1273,HGH2,2011-12-14,11:06:26.760,5079097,00002960,SPOOF,S,3.27,43,23,14,Dec,11
